2522 3476
1101 231 1151 268 V.
1179 232 1445 269 Innocentius
1472 232 1552 268 XII

498 354 613 394 Antea
640 354 819 393 Antonius
847 353 1073 406 Pignatellus,
1105 364 1139 391 tt.
1170 354 1204 392 S.
1236 355 1408 392 Pancratii
1435 353 1510 406 pbr.
1539 352 1675 400 card.,¹)
1703 353 1835 393 electus
1867 358 1910 393 12
1938 353 2004 393 Iul.
2039 353 2172 399 1691,²)

933 454 1119 481 coronatus
1148 444 1187 480 15
1216 441 1325 487 Iul.‚³)
1352 442 1374 490 †
1399 444 1446 480 27
1472 443 1567 494 Sept.
1600 442 1734 488 1700.⁴)

268 613 287 645 ¹)
308 612 353 640 Cf.
379 612 472 640 S.R.E.
496 611 566 640 card.
591 613 638 645 III,
664 614 689 639 2.

267 662 286 694 Ξ)
307 662 433 698 Exequiis
455 673 502 698 pro
523 665 612 689 anima
635 661 681 689 fel.
705 672 755 689 rec.
779 660 925 689 Alexandri
948 662 1000 689 ΡΡ.
1024 662 1090 689 VIII
1112 663 1165 688 iam
1188 661 1307 695 peractis.

197 701 229 725 12
256 698 330 725 Febr.
361 699 426 725 1691
456 705 514 734 post
540 701 646 725 missam
673 697 707 726 de
735 699 836 733 Spiritu
864 698 962 725 Sancto
989 698 1022 725 ab
1049 707 1101 725 em.
1130 696 1224 724 Chisio
1251 696 1308 723 loco

194 734 262 761 card.
288 734 357 762 Cibo
380 733 474 761 decani
498 741 629 761 cantatam
654 733 779 762 conclave
802 733 1028 769 processionaliter
1050 736 1160 769 ingressi
1184 740 1248 760 sunt
1272 742 1308 760 se-

193 777 305 805 quentes
325 769 445 797 card.¹‘'':
472 770 576 797 Flavius
597 770 714 802 Chisius,
736 771 885 806 Carpineus
907 770 951 803 (ΙΙ,
974 770 1010 802 3),
1032 771 1164 798 Casanate
1185 769 1230 802 (Π,
1255 768 1307 800 12),

194 807 368 833 Marescottus
396 807 440 838 (II,
473 806 525 839 17),
554 807 571 834 S
593 805 642 834 ada
671 807 715 839 (II,
748 806 800 839 19),
828 806 954 834 Millinus
983 807 1041 839 (III,
1070 806 1107 838 6),
1136 805 1170 833 de
1197 804 1307 840 Angelis

194 843 252 875 (III,
279 842 332 874 17),
357 843 383 870 S.
408 843 547 870 Susannae
584 843 631 874 III,
657 843 712 875 24),
737 843 890 870 Petruccius
915 843 973 875 (III,
1001 842 1055 875 30),
1081 841 1223 870 Colloredo
1248 842 1306 874 (III,

194 878 248 911 35),
270 878 396 906 Rubinus
419 879 476 911 (IV,
499 879 536 911 6),
559 879 686 906 Ginettus
709 879 767 911 (III,
794 879 845 911 14),
870 878 1044 906 Otthobonus
1066 879 1124 911 (IV,
1150 878 1184 910 l),
1207 879 1307 905 Homo

192 913 257 941 deus
277 915 334 947 (IV,
357 914 409 947 11),
429 914 582 942 Franciscus
601 915 760 942 Barberinus
780 916 837 947 (IV,
861 915 904 947 13)
925 922 951 942 et
969 916 1130 942 Laurentius
1148 914 1182 942 de
1200 914 1307 942 Alteriis

193 951 250 982 (IV,
280 950 340 983 14);
365 953 474 986 ingressi
499 951 627 986 capellam
653 951 794 978 Paulinam
820 954 975 979 iuraverunt
998 951 1086 979 bullas
1111 953 1179 978 circa
1205 950 1306 978 electio

193 997 254 1014 nem
277 987 353 1014 Sum.
375 987 452 1014 Pont.
476 988 549 1014 Hora
572 989 608 1014 22
630 987 737 1014 solitum
761 986 893 1015 fidelitatis
916 990 1097 1015 iuramentum
1120 989 1307 1022 praestiterunt

192 1025 314 1058 princeps
333 1022 455 1050 Sabellus
474 1023 652 1050 maresciallus
670 1023 802 1051 conclavis
821 1031 847 1051 et
866 1023 910 1051 alii
929 1023 1053 1051 officiales
1072 1023 1212 1051 conclavis.
1233 1023 1307 1051 Hora

192 1069 252 1085 vero
275 1059 292 1085 6
314 1061 398 1086 noctis
421 1058 532 1087 exclusis
555 1059 688 1092 omnibus,
711 1062 759 1095 qui
781 1070 917 1087 remanere
939 1070 995 1087 non
1018 1059 1178 1091 debuerunt,
1202 1059 1306 1087 clausae

192 1101 255 1121 sunt
274 1102 364 1130 portae
383 1095 523 1123 conclavis.
548 1097 578 1122 13
602 1096 676 1123 Febr.
696 1095 813 1128 card.¹⁶',
834 1098 882 1131 qui
902 1095 936 1124 de
956 1106 1012 1124 sero
1032 1096 1089 1124 heri
1110 1103 1137 1123 et
1156 1096 1207 1123 hoc
1227 1106 1306 1123 mane

191 1137 253 1157 ante
272 1133 429 1158 scrutinium
450 1134 559 1167 ingressi
579 1139 641 1159 sunt
660 1132 793 1164 conclave,
814 1132 900 1159 bullas
919 1135 1082 1159 iuravemnt.
1107 1135 1138 1159 14
1158 1133 1233 1160 Febr.
1253 1142 1307 1160 rna—

192 1180 226 1196 ne
245 1176 307 1196 ante
326 1171 484 1196 scrutinium
505 1171 637 1204 ingressus
657 1176 696 1196 est
715 1168 840 1196 conclave
861 1179 912 1196 em.
933 1168 1111 1196 Pallavicinus
1133 1169 1191 1201 (ΙΙΙ,
1216 1169 1259 1201 18)
1280 1176 1306 1196 et

191 1205 224 1232 de
244 1216 300 1232 sero
319 1205 440 1232 absoluto
459 1207 586 1232 scrutinio
606 1215 657 1232 em.
679 1205 837 1232 Fransonus.
863 1206 894 1231 16
915 1205 990 1232 Febr.
1011 1204 1081 1232 card.
1102 1205 1238 1232 Columna
1260 1205 1304 1237 (II,

195 1242 236 1273 14)
257 1241 325 1269 febri
344 1241 465 1268 laborans
484 1243 565 1268 exivit
584 1252 598 1268 e
618 1240 745 1268 conclavi.
768 1243 800 1268 17
820 1241 894 1268 Febr.
915 1240 948 1268 de
967 1252 1047 1269 mane
1066 1248 1128 1269 ante
1147 1244 1304 1269 scrutinium

190 1280 322 1312 ingressus
345 1285 383 1304 est
405 1288 456 1304 em.
480 1278 618 1312 Nigronus
642 1278 700 1309 (III.
725 1277 779 1307 38).
807 1279 839 1304 18
862 1277 936 1304 Febr.
959 1285 1018 1312 post
1040 1280 1198 1305 scrutinium
1222 1285 1305 1305 matu-

191 1315 278 1340 tinum
300 1315 432 1349 ingressus
454 1320 493 1340 est
514 1324 565 1340 em.
588 1313 755 1349 Pamphilius
778 1314 836 1345 (111,
864 1314 906 1345 15)
930 1321 956 1340 et
978 1313 1098 1341 absoluto
1120 1316 1247 1341 scrutinio
1269 1324 1305 1341 se-

190 1351 276 1376 rotino
297 1360 348 1376 em.
372 1349 488 1376 Estensis
511 1350 569 1381 (III,
593 1350 648 1380 43).
671 1351 702 1376 21
730 1350 804 1377 Febr.
827 1361 878 1377 em.
901 1349 986 1376 Iulius
1009 1350 1123 1384 Spinula
1145 1350 1213 1377 febri
1236 1350 1305 1377 labo-

190 1395 250 1412 rans
271 1387 351 1412 exivit
374 1396 388 1412 e
411 1385 547 1417 conclavi;
571 1385 663 1413 eadem
687 1385 730 1413 die
753 1388 860 1412 intravit
883 1397 934 1413 ern.
959 1386 1082 1413 Donhoff
1106 1387 1164 1419 (III,
1190 1386 1244 1418 33).
1269 1387 1302 1413 25

190 1420 264 1448 Febr.
281 1428 339 1456 post
355 1424 513 1448 scrutinium
530 1424 694 1448 matutinum
712 1424 831 1456 pervenit
849 1425 961 1449 nuntius
979 1421 1012 1450 de
1029 1422 1104 1450 obitu
1122 1433 1173 1450 em.
1191 1423 1304 1450 Antonii

190 1457 275 1484 Bichii
294 1468 336 1492 ep.
357 1458 519 1484 Praenestin.
540 1458 575 1484 26
595 1458 669 1484 Febr.
689 1460 798 1493 ingressi
817 1465 880 1485 sunt
899 1469 950 1486 em.
970 1458 1003 1486 de
1022 1459 1174 1486 Comitibus
1193 1467 1219 1486 et
1238 1460 1303 1487 Cur-

189 1495 243 1520 sius
261 1494 319 1526 (111,
341 1494 395 1525 37).
414 1495 448 1520 27
468 1494 542 1521 Febr.
560 1493 651 1521 denuo
669 1493 773 1521 clausae
791 1494 903 1521 fuerunt
920 1502 1010 1530 portae
1028 1495 1168 1527 conclavis,
1187 1506 1257 1530 quae
1275 1498 1304 1522 in

189 1531 326 1564 praeterita
350 1536 427 1556 nocte
451 1532 587 1557 occasione
610 1529 728 1557 incendii
752 1533 781 1557 in
805 1530 865 1557 aula
889 1533 1008 1566 proxima
1031 1530 1166 1559 custodiae
1190 1534 1302 1559 vestium

189 1565 288 1592 Pontif.
314 1572 418 1600 apertae
442 1565 558 1593 fuerant.
584 1567 619 1593 28
645 1566 719 1593 Febr.
745 1569 877 1602 ingressus
902 1573 941 1594 est
965 1577 1016 1594 em.
1042 1567 1185 1602 Gregorius
1211 1568 1303 1595 Barba-

189 1600 272 1628 dicus.
294 1603 310 1628 4
332 1602 413 1629 Mart.
434 1604 515 1629 exivit
535 1612 586 1629 em.
608 1602 733 1629 Rubinus
755 1605 784 1630 in
805 1613 868 1630 aure
889 1603 1019 1630 laborans.
1041 1604 1058 1630 6
1080 1604 1161 1631 Mart.
1183 1603 1304 1631 absoluto

189 1639 315 1664 scrutinio
338 1640 487 1673 vespertino
511 1640 643 1673 ingressus
667 1646 706 1666 est
730 1649 782 1666 em.
806 1638 840 1666 de
864 1639 983 1666 Norfolk
1009 1640 1053 1672 (ΙΙ,
1080 1640 1135 1672 20).
1164 1642 1193 1667 11
1221 1641 1302 1668 Mart.

188 1675 296 1708 ingressi
318 1680 381 1700 sunt
401 1680 460 1709 post
479 1676 637 1701 scrutinium
657 1677 821 1702 matutinum
844 1686 895 1702 em.
917 1676 1027 1703 Cicerus
1049 1677 1107 1708 (III,
1129 1676 1176 1709 25)
1199 1684 1225 1704 et
1245 1684 1303 1712 post

188 1711 345 1736 scrutinium
365 1712 545 1744 vespertinum
565 1721 616 1737 em.
638 1710 792 1746 Delphinus
812 1718 838 1738 et
859 1712 988 1739 Duratius
1009 1713 1067 1744 (III,
1089 1712 1144 1744 22).
1168 1715 1201 1740 12
1221 1714 1302 1740 Mart.

188 1744 296 1772 advenit
318 1747 431 1772 nuntius
454 1753 558 1773 secutae
581 1749 671 1773 mortis
694 1757 745 1774 em.
769 1747 832 1774 Iulii
856 1748 986 1783 Spinulae
1009 1751 1039 1775 in
1063 1749 1140 1776 Urbe
1162 1748 1208 1776 sed
1231 1756 1302 1777 extra

188 1783 320 1815 conclave,
345 1783 396 1810 hoc
419 1794 499 1811 mane
522 1786 589 1811 circa
614 1783 705 1810 horam
730 1783 870 1811 decimam.
898 1786 931 1811 12
956 1785 1036 1811 Mart.
1061 1792 1120 1820 post
1144 1788 1302 1813 scrutinium

187 1818 966 1888 ssfssi'gssffifmcossffissussuffiississmffiffiss1assliyfis,⁷)c'uss⁶
976 1821 1075 1892 3333
1093 1820 1221 1890 Ξῗὲἒῐὲἰῗ
1230 1832 1302 1885 ‹1⁶32-

188 1890 220 1918 de
244 1893 376 1926 ingressus
399 1898 437 1919 est
461 1902 512 1919 em.
537 1891 703 1919 Kollonitsch
730 1892 788 1924 (III,
813 1892 868 1924 26).
895 1894 930 1919 20
955 1893 1036 1920 Mart.
1060 1900 1120 1929 post
1143 1897 1301 1922 scrutinium

187 1929 367 1962 vespertinum
387 1930 492 1954 revertit
511 1930 541 1954 in
562 1927 686 1955 conclave
707 1938 759 1955 em.
781 1928 906 1955 Rubinus
927 1939 989 1956 curn
1010 1929 1104 1956 eodem
1125 1930 1301 1963 conclavista;

187 1962 279 1990 eadem
303 1962 346 1990 die
369 1965 478 1998 ingressi
501 1970 564 1990 sunt
587 1974 639 1990 em.
664 1964 827 1999 Pignatellus
852 1965 910 1997 (ΙΙΙ,
935 1965 972 1997 2),
998 1965 1096 1993 Carafa
1120 1966 1179 1998 (ΙΙΙ,
1206 1967 1251 1998 36)
1276 1974 1302 1994 et

187 1999 345 2026 Cantelmus
368 1999 425 2031 (IV,
449 1999 485 2031 3).
508 2001 542 2026 27
566 2000 646 2026 Mart.
669 2007 727 2035 post
749 2003 906 2028 scrutinium
929 2004 1074 2029 serotinum
1097 2001 1204 2029 card.¹⁸'
1229 2003 1301 2030 Galli

186 2034 308 2062 videlicet
330 2035 470 2063 Bullionus
493 2035 524 2068 (I,
548 2035 584 2068 4),
607 2035 736 2063 d'Estre'es
760 2037 804 2068 (II,
829 2037 865 2069 7),
888 2038 1001 2065 Bonsius
1024 2038 1069 2070 (II,
1093 2038 1120 2070 4)
1143 2046 1170 2066 et
1192 2039 1229 2066 Le
1252 2040 1301 2067 Ca-

186 2081 246 2098 mus
262 2071 320 2103 (III,
336 2072 382 2103 27)
399 2073 501 2098 visitata
517 2074 589 2106 prius
605 2071 659 2098 bas.
676 2072 703 2099 S.
720 2073 789 2099 Petri
805 2075 914 2108 ingressi
930 2081 993 2100 sunt
1008 2073 1150 2106 conclave;
1167 2076 1202 2102 29
1219 2076 1299 2103 Mart.

186 2114 244 2141 post
266 2109 423 2134 scrutinium
446 2110 610 2134 matutinum
633 2110 765 2143 ingressus
788 2115 826 2135 est
848 2119 900 2136 em.
924 2110 1040 2137 Ursinus
1065 2111 1110 2142 (ΙΙ,
1135 2110 1171 2142 5).
1196 2112 1210 2138 5
1234 2111 1300 2146 Apr.

186 2145 317 2177 ingressus
340 2150 378 2170 est
400 2153 452 2170 em.
475 2143 589 2179 Spinula
613 2144 671 2176 (III,
698 2144 731 2175 l).
756 2145 771 2171 8
794 2145 859 2180 Apr.
882 2155 934 2172 em.
958 2145 1098 2173 Bullionus
1121 2146 1189 2174 febri
1212 2155 1239 2175 et
1261 2158 1300 2175 ca-

186 2178 273 2205 tharro
302 2178 422 2206 laborans
451 2181 548 2211 exivit;
578 2178 670 2207 eadem
699 2179 743 2207 die
772 2188 834 2207 ante
864 2183 1022 2208 scrutinium
1051 2185 1232 2217 vespertinum
1262 2186 1300 2211 in-

185 2224 287 2249 gressus
303 2221 341 2241 est
356 2225 407 2242 em.
424 2215 578 2242 Vicecomes
596 2216 654 2247 (ΙΙΙ,
670 2214 708 2247 7).
729 2217 760 2243 13
778 2216 843 2251 Apr.
860 2219 927 2244 circa
943 2217 1035 2244 horam
1053 2220 1088 2245 20
1105 2229 1156 2246 em.
1174 2220 1300 2255 Capisuc-

185 2260 232 2277 cus
252 2252 332 2277 exivit
352 2261 367 2277 e
387 2250 514 2283 conclavi,
536 2253 583 2286 qui
604 2253 639 2278 22
659 2251 724 2287 Apr.
746 2254 814 2279 circa
834 2252 926 2280 horam
947 2255 983 2280 24
1003 2254 1077 2281 obiit.
1102 2256 1134 2282 18
1155 2255 1220 2290 Apr.
1242 2264 1299 2291 post

185 2289 342 2314 scrutinium
363 2290 543 2323 vespertinum
565 2287 642 2315 rediit
662 2291 691 2316 in
711 2289 836 2317 conclave
858 2300 910 2317 em.
932 2290 1081 2318 Bullionus.
1104 2294 1139 2319 20
1160 2293 1218 2327 Apr
1249 2295 1299 2320 exi-

185 2326 223 2350 vit
243 2334 294 2350 em.
316 2325 470 2352 Vicecomes
491 2325 621 2352 infirmus.
645 2327 658 2353 5
682 2327 751 2353 Maii
772 2329 853 2354 exivit
873 2338 925 2355 em.
947 2328 1057 2356 Nerlius
1079 2328 1147 2356 febri
1168 2329 1298 2357 laborans.

188 2362 221 2387 12
243 2361 311 2387 Ma1i
333 2368 392 2396 post
413 2365 570 2389 scrutinium
593 2366 773 2398 vespertinum
795 2364 909 2392 Ioannes
932 2366 1008 2400 Bapt.
1030 2365 1100 2393 card.
1124 2367 1238 2402 Spinula
1260 2370 1298 2395 in-

185 2400 276 2427 firmus
298 2402 379 2427 exivit
399 2410 414 2427 e
435 2399 554 2427 conclavi
576 2401 612 2426 24
633 2398 740 2426 card-'²¹¹¹
763 2400 1005 2429 contradicentibus
1028 2410 1055 2429 et
1076 2404 1110 2429 29
1133 2406 1296 2431 consentien

185 2437 264 2464 tibus.
290 2439 322 2464 14
344 2438 412 2464 Maii
434 2444 495 2464 ante
517 2439 674 2464 scrutinium
696 2440 859 2465 matutinum
882 2438 960 2466 rediit
981 2442 1010 2466 in
1032 2440 1157 2468 conclave
1179 2451 1230 2468 em.
1254 2442 1298 2469 Vi-

184 2484 302 2501 cecomes
325 2484 386 2501 cum
410 2473 503 2501 iisdem
529 2475 543 2500 3
568 2474 741 2501 conclavistis.
765 2476 800 2502 23
825 2476 894 2502 Maii
917 2478 1024 2512 incepto
1047 2480 1175 2505 scrutinio
1197 2489 1298 2513 vesper-

185 2514 241 2538 tino
258 2521 375 2546 egressus
394 2519 431 2538 est
449 2522 500 2539 em.
519 2510 552 2539 de
572 2512 722 2539 Comitibus
741 2511 808 2539 febri
827 2512 956 2546 laborans,
976 2516 1023 2549 qui
1043 2516 1077 2541 23
1096 2515 1158 2542 Iun.
1177 2516 1298 2544 absoluto

184 2551 310 2575 scrutinio
337 2551 486 2584 vespertino
514 2559 643 2584 regressus
671 2556 717 2576 est.
750 2551 781 2576 19
809 2550 870 2577 Iun.
900 2558 962 2578 ante
990 2554 1147 2579 scrutinium
1175 2556 1297 2588 vesperti-

184 2596 249 2612 num
268 2596 314 2621 pro
333 2585 449 2613 secunda
466 2588 523 2613 vice
541 2588 604 2613 exiit
622 2597 673 2613 ern.
692 2587 846 2614 Vicecomes
863 2587 931 2615 febri
950 2588 1079 2616 laborans.
1099 2592 1134 2617 29
1152 2590 1214 2617 Iun.
1233 2590 1297 2618 hora

187 2624 219 2649 12
241 2633 292 2649 em.
315 2622 458 2655 Columna,
481 2626 528 2658 qui
550 2626 603 2650 iam
625 2623 668 2651 die
690 2624 858 2659 praecedenti
880 2625 1014 2653 licentiam
1038 2626 1154 2654 exeundi
1176 2628 1297 2655 obtinue-

183 2666 229 2691 rat,
257 2670 326 2686 novo
351 2659 439 2687 febrili
466 2671 571 2688 accessu
598 2671 744 2696 oppressus,
773 2672 787 2689 e
814 2662 933 2690 conclavi
961 2666 1032 2691 exiit.
1062 2665 1075 2691 5
1104 2664 1155 2692 Iul.
1183 2664 1296 2693 durante

183 2699 309 2724 scrutinio
334 2700 483 2732 vespertino
508 2700 589 2725 exivit
614 2709 665 2725 em.
692 2698 725 2726 de
751 2700 860 2732 Laurea,
887 2703 934 2735 qui
965 2703 997 2728 12
1022 2701 1073 2728 Iul.
1099 2712 1217 2730 unacum
1244 2713 1295 2730 em.

183 2733 296 2769 Spinula
318 2741 379 2761 ante
399 2737 557 2762 scrutinium
578 2738 607 2762 in
628 2735 753 2763 conclave
773 2736 858 2764 rediit.
883 2739 916 2764 12
936 2738 987 2765 Iul.
1009 2739 1129 2767 absoluta
1150 2743 1228 2768 missa
1250 2751 1296 2775 per

182 2773 339 2798 scrutinium
363 2778 475 2804 tantum,
499 2775 527 2799 in
549 2783 603 2807 quo
625 2783 676 2800 em.
700 2774 863 2809 Pignatellus
885 2774 979 2802 habuit
1001 2783 1061 2803 vota
1086 2778 1128 2809 53,
1153 2777 1296 2813 Gregorius

183 2807 342 2835 Barbadicus
365 2809 390 2840 6,
415 2809 535 2836 Palutius
558 2809 675 2837 Alterius
702 2813 712 2837 1
739 2818 765 2838 et
788 2811 858 2839 Cibo
885 2814 906 2844 1,
931 2812 1004 2848 quod
1027 2813 1081 2841 fuit
1103 2817 1186 2850 ipsius
1210 2815 1294 2847 electi,

181 2844 287 2872 card.¹⁰³
312 2845 345 2872 ad
367 2845 414 2873 diu
435 2845 608 2874 desideratam
631 2855 862 2883 exspectatamque
884 2849 1041 2878 electionem
1064 2851 1238 2880 devenerunt.
1262 2854 1295 2881 Et

182 2890 287 2917 accepta
308 2883 436 2910 electione
456 2883 489 2911 de
510 2894 556 2911 sua
577 2895 687 2919 persona
707 2889 834 2913 canonice
856 2894 881 2914 et
901 2887 1017 2922 legitime
1038 2888 1107 2916 facta
1128 2900 1179 2917 em.
1201 2891 1294 2926 Pigna-

182 2919 259 2947 tellus
286 2923 371 2947 vocari
398 2920 482 2948 voluit
509 2922 682 2949 Innocentius
708 2923 766 2950 XII.
796 2923 912 2951 Card.¹⁰·
942 2933 1092 2960 praesentes
1118 2929 1148 2954 in
1175 2927 1292 2955 conclavi

181 2956 292 2983 fuerunt
312 2958 364 2988 6l;
386 2958 506 2985 absentes
527 2969 541 2985 a
563 2960 658 2986 Curia:
685 2959 791 2987 card.¹⁰¹
815 2962 992 2989 Portocarrero
1015 2964 1046 2995 (Ι,
1071 2964 1106 2996 5),
1128 2964 1161 2992 de
1182 2965 1293 2992 Alenca-

181 3000 231 3021 stre
257 2994 315 3026 (III,
341 2995 396 3027 21),
422 2995 617 3031 Radziejowski
643 2997 701 3029 (III,
727 2998 773 3029 29)
798 3005 824 3025 et
849 2999 1024 3036 Fiirstenberg
1049 3001 1108 3034 (ΠΙ,
1134 3002 1198 3034 32);
1223 3013 1294 3037 prae-

181 3038 267 3058 sentes
286 3034 316 3058 in
337 3033 427 3064 Curia,
449 3033 569 3060 absentes
589 3044 604 3061 a
624 3034 742 3061 conclavi
764 3042 880 3071 tempore
901 3036 1037 3065 electionis
1058 3039 1158 3074 Papae:
1185 3039 1292 3067 card.¹”

183 3069 334 3096 Vicecomes
352 3070 410 3102 (ΙΙΙ,
430 3070 455 3101 7)
473 3078 499 3097 et
516 3070 651 3098 Columna
669 3072 714 3104 (ΙΙ,
735 3073 787 3104 14).
806 3073 856 3106 (Ex
872 3073 960 3102 diariis
977 3075 1008 3102 Β.
1025 3076 1097 3103 Porti
1113 3078 1143 3104 in
1160 3078 1218 3112 ipso
1234 3086 1292 3104 con-

1366 609 1434 636 elavi
1458 612 1683 637 caeremoniarum
1708 612 1834 646 magistri,
1859 611 1941 638 Arch.
1967 611 2044 639 Caer.
2071 612 2124 639 540
2149 611 2178 639 ff.
2207 611 2333 644 12-120‘).
2358 611 2483 641 Neoelec-

1367 653 1409 673 tus
1427 646 1503 673 Sum.
1522 647 1599 674 Pont.
1618 657 1633 674 e
1651 647 1735 674 nobili
1752 657 1849 682 genere
1867 647 2009 683 Pignatelli
2026 647 2144 683 Neapoli
2161 655 2240 676 natus
2262 649 2293 675 13
2312 649 2394 676 Mart.
2414 649 2483 677 1615

1367 692 1466 709 nomen
1488 682 1602 709 Antonii
1625 685 1730 710 sortitus
1753 690 1800 710 est.
1825 684 1925 711 Romae
1948 686 1978 711 in
2001 694 2065 711 sem.
2089 684 2212 712 Romano
2234 684 2388 713 liberalibus
2410 683 2486 713 disd-

1366 717 1447 753 plinis
1462 718 1582 746 eruditus
1598 719 1782 755 philosophiae
1798 727 1824 747 et
1840 719 1987 755 theologiae
2004 731 2110 756 operam
2127 719 2217 753 dedit;
2233 731 2296 748 mox
2311 723 2375 749 iuris
2390 723 2486 749 utrius-

1366 765 1419 789 que
1437 754 1554 782 lauream
1574 765 1679 783 summa
1697 766 1759 783 cum
1779 755 1858 783 laude
1877 756 2003 784 obtinuit.
2022 756 2092 784 Eum
2113 757 2242 785 Urbanus
2260 758 2312 785 ΡΡ.
2331 758 2397 786 VIII
2415 760 2486 786 inter

1366 790 1494 826 praelatos
1516 792 1581 818 Cur.
1604 792 1682 818 Rom.
1704 791 1841 827 adscripsit
1862 799 1889 820 et
1910 793 2010 820 Urbini
2031 792 2223 829 vicelegatione
2243 792 2384 827 decoravit,
2406 794 2486 822 Inno-

1365 829 1469 854 centius
1495 828 1546 854 ΡΡ.
1573 828 1596 854 Χ
1621 830 1738 863 primum
1765 828 1916 856 Melitensis
1942 831 2106 864 inquisitoris
2131 840 2252 862 munere,
2279 829 2379 858 deinde
2404 831 2485 859 Patri-

1366 865 1449 890 monii
1471 863 1645 898 praefectura,
1669 871 1726 891 tum
1750 867 1840 891 nuntii
1862 872 1945 900 apost.
1968 864 2041 901 apud
2063 876 2192 901 magnum
2217 865 2314 894 ducem
2336 866 2486 895 Florentiae

1365 905 1392 926 et
1413 899 1528 935 archiep.
1552 900 1681 927 Larissen.
1705 899 1835 936 dignitate
1857 904 2003 936 insignivit,
2026 901 2179 930 Alexander
2202 903 2254 930 ΡΡ.
2278 903 2330 931 VII
2353 902 2389 931 ad
2410 901 2485 931 Polo-

1365 937 1426 998 1C1iae
1449 945 1550 998 regimf
1572 935 1699 1004 (831e113ens
1722 947 1783 964 vero
1807 938 1858 964 ΡΡ.
1883 938 1919 965 ΙΧ
1943 937 1976 965 ad
1999 941 2185 974 imperatorem
2209 938 2367 975 ablegarunt
2391 938 2484 973 (Arch.

1391 981 1442 998 aer.
1465 973 1495 998 51
1553 992 1557 998 .
1617 982 1658 999 s..

1438 1027 1458 1059 ³)
1486 1029 1516 1055 15
1543 1027 1593 1055 Iul.
1622 1028 1687 1054 1691
1713 1028 1888 1055 Innocentius
1912 1029 1964 1055 ΡΡ.
1988 1028 2037 1055 XII
2061 1031 2090 1055 in
2113 1029 2169 1056 bas.
2193 1029 2255 1056 Vat.
2279 1029 2313 1057 ab
2336 1039 2388 1057 em.
2412 1027 2484 1058 eard.

1365 1063 1504 1091 Sacchetto
1532 1066 1611 1099 priori
1638 1063 1767 1091 card-¹¹¹nn
1796 1063 1863 1091 diac.
1892 1064 1988 1100 triplici
2016 1064 2167 1093 diademate
2194 1065 2307 1093 solemni
2333 1068 2388 1094 ritu
2413 1075 2484 1094 0010-

1365 1107 1443 1127 natus
1464 1108 1502 1128 est
1523 1100 1615 1132 (Arch.
1637 1101 1713 1128 Caer.
1736 1102 1788 1128 540
1810 1101 1839 1128 ff.
1864 1101 2017 1133 121‘-145‘).

1438 1154 1457 1185 ⁴)
1478 1155 1511 1181 23
1533 1155 1606 1189 Sept.
1629 1155 1698 1181 1700
1718 1165 1779 1181 cum
1799 1157 1998 1190 ingravescente
2016 1155 2109 1183 morbo
2128 1156 2201 1183 S-''m'
2222 1156 2298 1184 D.N.
2318 1166 2346 1184 se
2363 1158 2484 1192 proxime

1364 1192 1506 1217 moriturus
1531 1189 1685 1222 adverteret,
1709 1190 1773 1218 hora
1797 1193 1899 1218 circiter
1926 1193 1958 1218 10
1982 1194 2079 1219 iterum
2104 1193 2165 1220 S.¹¹²⁰
2190 1193 2295 1220 Viatico
2321 1191 2406 1229 [quod
2429 1194 2482 1220 iam

1364 1227 1398 1253 23
1420 1226 1491 1261 Aug.
1516 1228 1585 1253 1700
1605 1234 1754 1262 susceperat
1776 1227 1868 1259 (Arch.
1890 1228 1967 1255 Caer.
1991 1229 2040 1255 541
2064 1228 2084 1255 f.
2106 1228 2182 1262 457)]
2205 1231 2370 1264 praemuniri
2387 1228 2482 1258 voluit.

1363 1261 1478 1297 ideoque
1499 1265 1593 1289 emissa
1616 1265 1689 1298 prius
1712 1262 1774 1290 fidei
1796 1263 1959 1299 professione
1981 1271 2008 1291 et
2029 1267 2110 1299 petita
2133 1267 2212 1292 venia
2234 1275 2286 1293 em.
2308 1264 2416 1293 card-'⁸'
2439 1264 2483 1294 ad-

1363 1298 1494 1325 stantibus
1514 1306 1539 1326 et
1558 1299 1720 1331 absentibus,
1740 1298 1773 1327 de
1793 1300 1980 1327 omissionibus
1999 1308 2026 1328 et
2044 1301 2276 1329 commissionibus
2295 1303 2357 1334 suis,
2377 1311 2483 1330 summu

1363 1333 1504 1362 devotione
1522 1342 1548 1361 et
1567 1337 1650 1362 animi
1668 1335 1820 1363 humilitate
1840 1337 1921 1363 S.¹¹¹”·¹¹
1942 1337 2076 1364 Viaticum
2097 1340 2212 1373 suscepit
2230 1348 2277 1373 per
2295 1348 2392 1366 manus
2410 1337 2483 1366 Tho-

1363 1381 1422 1398 mae
1442 1371 1514 1398 Ruffi
1534 1371 1649 1407 archiep.
1670 1372 1785 1399 Nicaen.
1806 1372 1933 1400 Cubiculi
1954 1373 2038 1408 praef.
2060 1381 2086 1401 et
2105 1373 2259 1402 immediate
2279 1373 2404 1402 Extrema
2424 1374 2483 1402 Un-

1362 1409 1450 1434 ctione
1470 1407 1504 1434 ab
1524 1406 1617 1434 eodem
1638 1411 1768 1435 munitus.
1790 1410 1825 1435 27
1847 1409 1919 1444 Sept.
1945 1411 2014 1436 1700
2035 1409 2099 1437 hora
2120 1412 2137 1436 4
2157 1412 2242 1438 noctis
2262 1412 2399 1446 sequentis
2418 1420 2482 1439 cum

1363 1441 1474 1470 dimidio
1499 1443 1655 1478 quadrantis
1681 1445 1754 1471 S.¹¹¹¹¹¹
1783 1445 1858 1471 D.N.
1885 1444 1956 1472 diem
1983 1445 2078 1473 clausit
2103 1453 2261 1479 extremum,
2287 1453 2338 1475 aet.
2366 1457 2410 1475 an.
2437 1447 2481 1480 85,

1362 1489 1398 1505 m.
1421 1479 1447 1511 6,
1471 1478 1516 1506 dd.
1544 1482 1584 1506 14.
1609 1481 1682 1507 Vixit
1705 1482 1734 1507 in
1759 1480 1920 1508 Pontificatu
1943 1484 2000 1509 sine
2023 1485 2137 1517 proprio,
2161 1493 2176 1510 a
2199 1483 2356 1518 parentibus
2378 1493 2482 1519 semper

1362 1514 1506 1547 abhorruit,
1527 1518 1618 1543 omnia
1638 1516 1800 1551 pauperibus
1820 1516 1962 1550 distribuit,
1984 1525 2011 1545 et
2030 1520 2141 1553 piissimi
2162 1521 2290 1555 principis
2309 1526 2396 1555 partes
2416 1522 2482 1556 opti-

1362 1561 1406 1578 me
1433 1551 1556 1586 explevit.
1586 1553 1621 1579 28
1650 1553 1723 1588 Sept.
1752 1555 1820 1580 circa
1847 1553 1939 1580 horam
1972 1555 2002 1581 15
2032 1554 2087 1582 fuit
2113 1557 2259 1590 recognitio
2284 1557 2376 1584 mortis
2404 1555 2481 1584 Sum.

1363 1587 1439 1614 Pont.
1465 1587 1499 1614 ab
1523 1598 1574 1615 em.
1600 1588 1702 1616 Ioanne
1727 1590 1803 1624 Bapt.
1829 1589 1943 1625 Spinula
1968 1589 2038 1617 card.
2065 1591 2092 1618 S.
2118 1592 2241 1619 Caesarei
2267 1602 2360 1625 nunc„
2385 1591 2480 1621 S-RE.

2271 1627 2482 1694 estam

1361 1633 1456 1650 camer.
1480 1630 1507 1650 et
1528 1626 1694 1660 consignatio
1717 1624 1792 1652 anuli
1816 1628 1950 1660 piscatoris
1972 1628 2003 1654 in
2025 1629 2230 1663 congregatione

1361 1658 1447 1687 eidem
1472 1659 1565 1687 card.¹¹
1592 1671 1607 1687 a
1630 1660 1714 1696 praef.
1740 1661 1877 1689 Cubiculi.
1903 1661 2003 1690 Eadem
2028 1662 2071 1691 die
2096 1670 2217 1699 apertum

1362 1696 1522 1723 aromatibus
1545 1696 1684 1724 conditum
1709 1704 1736 1725 et
1759 1696 1792 1725 de
1817 1708 1874 1725 sero
1897 1701 1964 1726 circa
1989 1699 2081 1726 horam
2107 1701 2124 1727 2
2149 1702 2233 1728 noctis
2257 1711 2330 1729 more
2353 1708 2481 1730 consueto

1362 1730 1395 1758 ad
1416 1733 1577 1759 Vaticanum
1599 1732 1755 1761 translatum
1776 1733 1838 1761 fuit.
1860 1737 1894 1761 29
1917 1736 1990 1770 Sept.
2011 1735 2123 1763 cadaver
2145 1737 2221 1764 Sum.
2243 1737 2321 1765 Pont.
2341 1740 2481 1773 processio-

1361 1767 1456 1795 naliter
1476 1779 1491 1795 e
1510 1768 1612 1804 capella
1632 1770 1736 1797 Sixtina
1756 1769 1789 1797 ad
1808 1770 1863 1798 bas.
1884 1772 1944 1798 Vat.
1965 1771 1999 1799 ad
2018 1772 2148 1807 capellam
2170 1773 2228 1800 S.¹'¹¹
2253 1773 2418 1802 Sacramenti
2437 1773 2480 1802 de-

1361 1803 1445 1831 latum
1468 1803 1529 1831 fuit.
1555 1807 1565 1832 l
1591 1806 1652 1833 Oct.
1674 1805 1708 1833 de
1730 1816 1786 1834 sero
1807 1806 1872 1834 hora
1895 1809 1912 1834 2
1935 1810 2019 1835 noctis
2041 1808 2194 1844 sepulturae
2216 1808 2343 1838 traditum
2365 1809 2420 1839 fuit
2439 1820 2480 1839 ce-

1360 1838 1440 1867 daver
1464 1841 1552 1876 Papae
1576 1842 1759 1876 praesentibus
1784 1845 1842 1870 eius
1866 1846 1992 1871 creaturis
2017 1854 2124 1872 necnon
2149 1852 2276 1881 quattuor
2299 1845 2407 1874 card-'⁸'
2433 1847 2479 1875 Pa-

1361 1875 1450 1903 latinis
1471 1876 1562 1909 (Arch.
1585 1878 1662 1905 Caer.
1686 1880 1735 1905 541
1760 1879 1789 1906 ff.
1811 1880 1967 1911 460⁴-464⁴).

1433 1917 1575 1950 Quaedam
1607 1917 1792 1945 adnotationes
1823 1921 1975 1954 praesertim
2008 1929 2040 1946 ex
2071 1921 2136 1947 actis
2166 1922 2273 1948 consist.
2304 1920 2474 1958 desumptae:

1361 1954 1393 1981 In
1426 1957 1511 1989 primo
1543 1957 1649 1981 consist.
1683 1962 1782 1982 secreto
1815 1956 1850 1982 23
1885 1955 1936 1982 Iul.
1974 1957 2041 1983 1691
2078 1957 2151 1984 8:¹²⁸·
2187 1957 2263 1984 D.N.
2297 1959 2352 1993 egit
2383 1959 2480 1994 antias

1359 1989 1466 2017 card.¹³¹¹¹
1498 1989 1532 2018 de
1564 1991 1618 2018 Sua
1649 1993 1679 2018 in
1711 1991 1787 2018 Sum.
1819 1992 1896 2018 Pont.
1929 1991 2058 2020 electione
2090 1992 2152 2024 (AC
2183 1994 2218 2020 23
2250 1993 2271 2020 f.
2303 1995 2355 2022 281
2389 1993 2421 2027 s.)
2451 2000 2479 2022 et

1359 2026 1457 2054 deinde
1492 2030 1621 2063 praestitit
1655 2028 1762 2055 solitum
1797 2031 1979 2056 iuramentum
2016 2029 2108 2062 (Arch.
2145 2031 2223 2058 Caer.
2260 2031 2314 2058 540
2348 2031 2379 2059 ff.
2418 2032 2478 2059 148-

1363 2064 1433 2096 149).
1461 2065 1494 2091 In
1521 2068 1627 2092 consist.
1654 2073 1753 2093 secreto
1783 2068 1816 2093 12
1843 2067 1915 2093 Nov.
1946 2068 2013 2094 1691
2044 2068 2072 2095 S.
2101 2068 2128 2095 S.
2155 2067 2304 2096 iubilaeum
2332 2079 2380 2104 pro
2405 2068 2480 2098 bano

1360 2102 1487 2135 regimine
1512 2103 1590 2128 initio
1616 2102 1789 2129 Pontificatus
1814 2102 1912 2129 indixit
1938 2103 2001 2135 (AC
2026 2105 2061 2130 23
2090 2103 2119 2131 ff.
2146 2104 2286 2137 286-287).
2312 2105 2347 2133 In
2370 2107 2478 2134 consist.

1359 2145 1458 2164 secreto
1478 2139 1494 2164 9
1516 2138 1573 2165 Ian.
1599 2139 1668 2165 1692
1691 2139 1763 2166 S.⁰¹·¹·
1787 2140 1862 2167 D.N.
1884 2139 1991 2167 card.¹⁶¹
2014 2140 2146 2169 allocutus
2167 2149 2207 2169 est
2226 2152 2307 2178 super
2327 2144 2478 2178 provisione

1358 2174 1528 2202 ecclesiarum
1549 2175 1654 2203 Galliae
1674 2177 1736 2208 (AC
1756 2179 1792 2203 24
1812 2177 1842 2204 ff.
1866 2178 1936 2209 1-2‘).
1961 2179 1992 2205 13
2013 2178 2079 2214 Apr.
2103 2179 2173 2206 1692
2194 2179 2267 2207 S.¹¹··¹·
2289 2180 2365 2208 D.N.
2384 2179 2478 2209 solein-

1358 2214 1427 2238 niter
1450 2215 1552 2248 accepit
1576 2216 1766 2248 possessionem
1790 2215 1845 2242 bas.
1871 2216 2030 2243 Lateranen.
2056 2216 2148 2248 (Arch.
2174 2217 2252 2244 Caer.
2280 2218 2333 2245 514
2357 2217 2388 2245 ff.
2415 2217 2478 2246 151-

1362 2251 1432 2282 163).
1449 2251 1482 2277 In
1497 2253 1602 2277 consist.
1619 2258 1717 2277 secreto
1733 2252 1767 2277 25
1785 2251 1846 2278 Iun.
1866 2252 1936 2278 1692
1953 2254 2074 2279 certiores
2089 2251 2205 2280 reddidit
2220 2252 2328 2280 card-¹¹¹
2345 2252 2380 2282 de
2395 2263 2478 2290 expu-

1357 2290 1484 2323 gnatione
1504 2290 1568 2314 arcis
1589 2287 1716 2315 Varadini
1736 2290 1766 2315 in
1786 2289 1936 2324 Hungaria,
1959 2292 2109 2317 enuntiavit
2129 2290 2236 2318 Bullam
2256 2291 2419 2327 Nepotismi,
2438 2300 2477 2320 fle·
2516 2311 2522 2315 -

1357 2335 1410 2360 que
1434 2325 1468 2352 ob
1492 2332 1568 2352 notas
1591 2335 1682 2352 causas
1707 2324 1873 2353 dimissiones
1897 2326 2090 2354 nonnullarum
2115 2327 2286 2356 ecclesiarum
2310 2328 2476 2357 Gallienum

1357 2361 1498 2389 indulsisse
1519 2362 1546 2394 (l.
1566 2373 1589 2390 c.
1609 2362 1629 2389 f.
1653 2363 1712 2390 183‘
1731 2364 1772 2395 s.).
1791 2364 1824 2390 In
1843 2366 1949 2391 consist.
1969 2372 2067 2392 secreto
2087 2366 2104 2392 7
2124 2366 2191 2393 Dec.
2214 2367 2283 2394 1693
2304 2367 2378 2394 S.¹¹'¹¹
2398 2367 2475 2395 D.N.

1357 2399 1503 2427 iubilaeurn
1525 2400 1674 2427 universale
1695 2411 1742 2436 pro
1762 2411 1827 2436 pace
1848 2401 1995 2429 obtinenda
2015 2413 2030 2430 a
2051 2403 2152 2431 Divina
2172 2404 2296 2432 Bonitate
2315 2406 2385 2433 inter
2404 2406 2476 2441 ptin-
2508 2414 2510 2417 ’

1356 2439 1427 2472 cipes
1450 2437 1605 2465 christianos
1626 2437 1724 2465 indixit
1747 2438 1839 2471 (Arch.
1861 2440 1939 2466 Caer.
1964 2441 2014 2467 545
2039 2441 2069 2468 ff.
2092 2441 2232 2474 251-253).
2254 2442 2289 2469 In
2309 2444 2416 2470 consist.
2437 2451 2476 2471 se-

1356 2481 1427 2501 creto
1452 2476 1484 2501 14
1506 2475 1578 2502 Nov.
1604 2476 1671 2502 1695
1696 2476 1723 2503 S.
1747 2477 1774 2503 S.
1796 2476 1955 2512 significavit
1978 2488 2029 2505 em.
2051 2477 2159 2505 card.¹'¹¹'
2183 2489 2254 2515 quae
2274 2478 2340 2507 fecit
2361 2487 2415 2516 pro*
2429 2479 2476 2508 fir-

1356 2511 1453 2539 manda
1478 2522 1543 2547 pace
1567 2515 1637 2540 inter
1660 2515 1794 2549 principes
1817 2514 1974 2542 christianos
1999 2514 2028 2548 (l.
2054 2526 2077 2543 c.
2102 2515 2123 2543 f.
2148 2516 2223 2549 424).
2249 2517 2282 2544 In
2305 2519 2412 2545 consist.
2436 2525 2475 2545 se-

1355 2558 1426 2578 creto
1448 2552 1462 2577 3
1485 2551 1551 2578 Dec.
1577 2551 1645 2578 1696
1668 2551 1740 2578 S-''m'
1763 2551 1839 2578 D.N.
1861 2561 1912 2578 em.
1934 2550 2042 2578 card.¹⁶¹
2064 2554 2186 2580 certiores
2206 2551 2322 2581 reddidit
2342 2552 2377 2582 de
2398 2553 2475 2582 obitu

1355 2591 1407 2615 iam
1430 2588 1569 2615 nonnullis
1591 2588 1689 2615 abhinc
1710 2588 1848 2615 mensibus
1870 2596 1960 2616 secuto
1981 2589 2090 2617 Ioannis
2113 2589 2240 2618 Poloniae
2261 2593 2329 2627 regis
2352 2591 2415 2625 (AC
2436 2592 2474 2619 24

1355 2625 1375 2652 f.
1400 2626 1479 2657 156⁴).
1500 2626 1533 2653 In
1554 2628 1660 2653 consist.
1681 2633 1780 2653 secreto
1802 2628 1837 2653 27
1858 2627 1915 2653 Ian.
1941 2627 2010 2654 1698
2033 2628 2105 2655 S.“¹···
2129 2628 2205 2656 D.N.
2227 2629 2255 2656 S.
2277 2628 2348 2657 Coll.
2369 2636 2473 2658 oemm

1355 2662 1469 2690 reddidit
1492 2673 1571 2698 super
1594 2666 1765 2691 conversione
1790 2664 1868 2691 ser.''¹¹
1895 2664 2012 2699 Augusti
2035 2667 2103 2700 regis
2126 2665 2254 2694 Poloniae
2278 2666 2371 2699 (Arch.
2394 2667 2472 2696 Caer.

1357 2702 1405 2727 541
1436 2700 1456 2727 f.
1485 2701 1558 2732 321).
1587 2701 1620 2728 ln
1647 2700 1715 2728 festo
1741 2701 1912 2728 Ascensionis
1940 2702 2106 2730 D.N.I.Chr.
2135 2704 2170 2730 28
2199 2704 2268 2731 Maii
2299 2705 2369 2732 1699
2397 2705 2471 2733 8.’““’“

1355 2738 1429 2765 1).Ν.
1452 2741 1482 2765 in
1503 2738 1557 2765 bas.
1581 2739 1641 2765 Vat.
1665 2749 1768 2766 annum
1790 2739 1903 2766 Iubilaei
1928 2741 1998 2767 1700
2019 2741 2117 2768 indixit
2138 2748 2165 2768 et
2187 2741 2293 2769 Bullam
2315 2741 2472 2778 originalem
2519 2755 2522 2756 ⁷

1354 2775 1499 2810 publicavit
1515 2775 1543 2808 (l.
1560 2786 1583 2803 c.
1600 2776 1630 2803 ff.
1647 2776 1802 2808 391‘-393‘).
1818 2777 1852 2804 In
1866 2779 1972 2804 consist.
1988 2785 2087 2806 secreto
2106 2780 2117 2806 1
2135 2779 2197 2806 Iun.
2217 2780 2286 2807 1699
2304 2780 2377 2807 S.¹¹'¹¹
2394 2780 2470 2808 D.N.

1353 2813 1541 2840 allocutionem
1565 2813 1660 2841 habuit
1684 2824 1731 2849 pro
1755 2814 1919 2842 sublevanda
1943 2823 2058 2850 egestate
2083 2816 2277 2844 Hiberniorum
2302 2817 2365 2850 (AC
2389 2819 2426 2845 24
2448 2816 2463 2845 f
2520 2815 2522 2818 ¹

1354 2852 1405 2877 223
1426 2851 1466 2882 s.).
1486 2853 1522 2877 24
1541 2852 1607 2878 Dec.
1630 2852 1699 2878 1699
1718 2854 1815 2879 iterum
1835 2853 1970 2887 publicata
1989 2853 2043 2880 fuit
2061 2853 2140 2881 Bulla
2159 2857 2224 2882 anni
2244 2855 2358 2883 Iubilaei
2377 2854 2469 2889 (Arch.

1353 2889 1429 2915 Caer.
1450 2890 1499 2915 541
1521 2889 1550 2916 ff.
1569 2889 1708 2921 416-417).
1726 2889 1827 2917 Eadem
1845 2889 1889 2917 die
1906 2901 1958 2918 em.
1976 2890 2046 2918 card.
2064 2891 2098 2919 de
2117 2892 2244 2920 Bouillon
2261 2893 2314 2920 S.¹⁸
2334 2893 2362 2921 S.
2380 2892 2470 2921 adhuc

1352 2926 1552 2954 convalescente
1573 2934 1674 2962 portam
1695 2937 1803 2954 auream
1824 2927 1878 2955 bas.
1900 2929 1960 2956 Vat.
1982 2932 2086 2964 aperuit
2107 2929 2136 2962 (l.
2157 2940 2180 2958 c.
2201 2930 2231 2958 ff.
2252 2931 2401 2964 417‘-419).
2420 2930 2470 2959 Ea-

1351 2963 1412 2991 dem
1432 2963 1475 2991 die
1495 2965 1567 2992 8:²⁰¹*
1589 2965 1664 2992 D.N.
1685 2975 1737 2992 em.
1756 2964 1864 2992 card-¹⁴³³
1886 2967 2077 3000 Panciaticum,
2098 2968 2242 3004 Morigiam
2262 2968 2393 3005 archipbr.
2412 2968 2468 2997 bas.

1352 3002 1515 3034 Liberianae,
1538 3010 1564 3030 et
1587 3002 1770 3038 Pamphilium
1793 3003 1924 3039 archipbr.
1946 3005 2002 3032 bas.
2025 3006 2183 3034 Lateranen.
2206 3005 2349 3034 declaravit
2369 3006 2469 3043 legatos

1351 3038 1384 3066 ad
1407 3041 1496 3067 Portas
1519 3041 1629 3068 Sanctas
1650 3040 1805 3076 aperiendas
1828 3042 1855 3069 S.
1877 3042 1963 3075 Pauli,
1987 3043 2014 3070 S.
2037 3044 2141 3072 Mariae
2162 3045 2273 3072 Maioris
2294 3052 2323 3073 et
2343 3045 2371 3073 S.
2393 3045 2468 3073 Ioan-
2517 3067 2522 3070 -

1351 3080 1392 3104 nis
1414 3078 1572 3105 Lateranen.
1594 3086 1703 3114 respect.
1726 3079 1781 3106 bas.
1806 3079 1897 3112 (Arch.
1921 3081 1998 3108 Caer.
2022 3082 2073 3109 545
2097 3081 2118 3109 f.
2142 3082 2216 3114 872).
