2522 3476
107 309 196 353 Ripa,
216 309 322 341 Victor
340 308 536 352 Augustinus
554 309 615 339 410

108 352 282 397 Riquelme,
307 353 438 385 Ioannes
461 353 522 383 400

107 398 186 436 Rita,
208 397 323 430 Nestor
344 397 412 435 347,
433 398 495 428 422

107 442 215 474 Roano
234 454 253 485 y
273 441 466 479 Corrionero,
487 440 619 472 Ioannes
638 440 698 471 276

107 485 242 524 Roberti,
263 485 419 517 Antonius
440 484 618 517 Franciscus
638 485 698 516 399

107 529 256 568 Robertis,
274 529 414 562 Andreas
431 528 471 561 de
490 529 559 566 319,
580 529 639 561 327

107 574 256 613 Roberfis,
277 573 458 606 Matthaeus
477 573 517 606 de
541 574 597 605 137

107 618 253 656 Robuste,
278 617 456 650 Franciscus
480 617 629 661 Iosephus
652 619 713 649 290

107 663 277 702 Rocaberti,
301 663 432 696 Ioannes
454 663 593 695 Thomas
614 662 653 694 de
675 663 736 694 402

107 709 216 747 Rocca,
238 707 378 740 Andreas
400 707 481 742 della
505 707 565 739 256

106 753 216 791 Rocca,
240 752 360 784 Hieron
382 764 452 784 mus
472 752 533 783 230
552 755 556 759 ⁴

106 797 209 835 Rocci,
232 797 345 829 Bernar
369 799 440 828 inus
465 796 531 833 180,
554 796 613 827 398

106 842 217 880 Rocco,
241 840 392 873 Nicolaus
418 841 484 878 147,
509 840 568 884 328

105 885 221 924 Roehe,
242 886 350 918 Petrus
372 886 431 916 304

106 929 255 968 Rodoero,
278 929 427 973 Iosephus
449 929 488 961 67

106 974 280 1018 Rodriguez
309 973 478 1011 Castafion,
509 973 687 1005 Franciscus
720 972 774 1004 135

105 1018 280 1062 Rodriguez
301 1018 341 1051 de
380 1017 618 1055 Castellblanco,
661 1016 798 1049 Salvator

107 1106 281 1151 Rodriguez
303 1105 363 1138 Del
401 1106 468 1144 ado,
507 1105 703 1149 Augustinus
737 1105 794 1137 305

105 1150 340 1227 ΒοᾶῐίςιιξέῙάε
366 1118 646 1193 ἱείεπιάατόῑψιεῑε,
678 1149 797 1182 Franci-

146 1207 215 1228 scus

105 1239 279 1283 Rodriguez
301 1239 425 1277 Pizafio,
457 1239 635 1271 Franciscus
666 1238 725 1270 328

104 1283 278 1328 Rodriguez
299 1283 339 1316 de
347 1283 504 1321 Valderas,
515 1283 727 1326 Hieronymus
736 1284 797 1314 209

104 1328 196 1367 Rodt,
217 1328 427 1372 Marquardus
447 1327 634 1371 Rudolphus
654 1340 715 1360 von
740 1328 797 1359 170

105 1373 215 1417 Roget,
234 1373 363 1405 Cosmas
381 1373 442 1404 250

105 1417 235 1461 Rogger,
258 1417 410 1450 Luxorius
431 1417 469 1449 78

105 1462 152 1494 Ro
176 1464 217 1494 'er
235 1461 279 1494 du
298 1461 361 1494 Cre
403 1487 410 1499 ,
429 1461 538 1493 Petrus
561 1461 617 1492 154

105 1506 152 1538 Ro
177 1518 227 1544 an,
246 1505 363 1538 Arman
387 1518 424 1538 us
443 1505 541 1538 Iulius
561 1505 599 1537 de
619 1505 677 1537 333

105 1550 218 1583 Rohan
248 1550 288 1583 de
320 1549 459 1588 Soubise,
492 1549 669 1582 Armandus
701 1549 797 1581 Casto

146 1594 185 1627 de
204 1594 254 1633 98,
275 1595 335 1627 379

105 1639 178 1671 Rois
206 1651 225 1683 y
253 1638 421 1676 Mendoza,
451 1638 629 1670 Franciscus
657 1637 697 1670 de
725 1640 795 1676 211,

105 1727 207 1770 Rojas,
230 1726 445 1759 Ferdinandus
470 1726 510 1759 de
536 1727 595 1758 415

105 1771 207 1813 Rojas‚
230 1771 362 1803 Ioannes
384 1771 423 1803 de
445 1771 505 1803 287

105 1818 207 1860 Rojas,
230 1817 379 1861 Iosephus
399 1817 463 1849 Gre
484 1818 567 1848 orius
586 1816 625 1848 de
645 1817 715 1853 240,
737 1816 796 1847 316

105 1862 197 1904 Rojas
218 1874 238 1905 y
259 1861 412 1900 Acevedo,
434 1861 462 1892 A
475 1863 562 1892 exius
583 1859 797 1892 Ferdinandus

145 1906 184 1939 de
203 1907 273 1944 224,
294 1906 354 1938 302

105 1951 197 1993 Rojas
218 1962 238 1994 y
260 1950 359 1992 Borja,
381 1949 559 1982 Franciscus
578 1949 617 1981 de
641 1949 695 1980 145

105 1995 197 2037 Rojas
218 2007 238 2038 y
261 1993 398 2038 Spinola,
414 1993 656 2037 Christophorus
672 1993 711 2026 de
725 1993 795 2031 285,

105 2082 236 2121 Roldan,
260 2082 466 2126 Ildephonsus
477 2081 546 2114 ‘215

104 2127 209 2160 Rollin
231 2139 281 2165 en,
297 2127 455 2159 Henricus
472 2126 644 2159 I-Iartardus
659 2138 720 2158 von
737 2126 796 2158 362

105 2171 187 2210 Rols,
224 2183 340 2204 oannes
361 2171 532 2204 Casimirus
554 2171 593 2202 82
750 2181 753 2183 ’

105 2216 246 2254 Romero,
290 2215 466 2248 Ludovicus
506 2215 685 2248 Franciscus
725 2216 795 2253 224,

105 2305 285 2342 Roncoveri,
312 2303 488 2336 Alexander
519 2305 571 2336 131

104 2349 166 2381 Ros
186 2349 226 2381 de
247 2348 411 2386 Medrano,
434 2348 572 2381 Didacus
596 2349 652 2380 107

105 2394 194 2431 Rosa,
217 2392 469 2425 Bartholomaeus
490 2394 550 2424 239

105 2438 194 2475 Rosa,
217 2437 356 2481 Ignatius
382 2437 430 2475 84,
458 2437 518 2469 367

105 2482 193 2520 Rosa,
217 2481 366 2525 Iosephus
391 2482 452 2513 282

105 2526 193 2564 Rosa,
217 2525 316 2558 Iulius
338 2525 419 2558 della
446 2526 503 2558 130

105 2571 194 2609 Rosa,
217 2570 345 2603 Marcus
366 2570 524 2603 Antonius
546 2570 585 2602 de
610 2571 669 2602 319

105 2617 194 2655 Rosa,
217 2615 355 2648 Thomas
374 2616 413 2648 de
434 2617 494 2648 319

105 2663 225 2701 Rosata,
253 2662 430 2706 Stephanus
459 2663 513 2694 161

105 2708 273 2752 Rosignoli,
297 2709 453 2741 Antonius
475 2709 525 2747 95,
548 2710 609 2740 292

106 2754 284 2793 Rosmadec,
308 2754 440 2787 Carolus
462 2755 502 2787 de
526 2755 583 2787 395

105 2802 254 2839 Rosseter,
279 2800 419 2833 Michael
442 2801 503 2832 200

105 2848 246 2885 Rossetti‚
273 2847 405 2879 Ioannes
430 2847 558 2879 Marcus
584 2847 639 2878 311

106 2894 202 2931 Rossi,
225 2892 377 2937 Agnellus
406 2893 464 2924 323

106 2940 202 2978 Rossi,
225 2939 364 2972 Andreas
387 2939 444 2971 335

107 2986 202 3024 Rossi,
226 2985 411 3018 Dominicus
442 2985 508 3023 150,
535 2986 596 3016 419

107 3032 203 3070 Rossi,
226 3031 355 3064 Iacobus
378 3031 480 3064 Maria
504 3031 565 3063 259

1127 181 1296 226 Appendix
1326 182 1369 215 IV

908 307 1004 344 Rossi,
1027 306 1155 339 Marcus
1175 306 1332 339 Antonius
1354 307 1413 339 376

908 351 1004 389 Rossi,
1028 350 1155 394 Ulysses
1179 352 1239 382 340

908 395 1004 433 Rossi‚
1026 395 1212 427 Vincentius
1232 395 1334 427 Maria
1356 396 1416 427 310

908 440 994 471 Rossi
1018 440 1134 483 Reyna,
1159 439 1329 472 Casimirus
1355 441 1407 471 141

908 483 1060 516 Rossillon
1085 483 1125 516 de
1150 484 1278 522 Bemex,
1306 483 1445 516 Michael
1471 483 1597 516 Gabriel

948 528 987 560 de
1005 528 1065 559 208

908 572 1032 605 Rossius
1063 572 1102 604 de
1134 571 1240 615 Liboy,
1273 572 1449 605 Ludovicus
1479 572 1598 604 Franci-

949 628 1017 648 scus
1041 617 1098 648 375

908 663 1011 700 Rosso,
1037 662 1186 695 Octavius
1209 662 1260 695 del
1284 662 1344 693 418

908 707 991 745 Rost,
1019 707 1168 750 Iosephus
1194 706 1380 738 Benedictus
1405 718 1465 738 von
1496 706 1551 738 178

909 750 1116 789 Rostkowski,
1141 750 1280 783 Adamus
1305 751 1363 782 313

908 796 995 833 Rota,
1019 795 1161 827 Valerius
1187 795 1244 827 117

908 839 1052 883 Rotondy
1077 839 1116 872 de
1141 840 1284 877 Biscaras,
1310 838 1487 871 Armandus
1513 838 1596 870 Ioan-

948 896 1003 916 nes
1023 884 1062 916 de
1086 886 1151 922 121,
1173 884 1233 915 246

907 929 1052 966 Rottario,
1076 928 1142 960 Iose
1166 927 1226 960 hus
1249 927 1286 959 75

908 973 1066 1005 Rousseau
1087 972 1126 1004 de
1144 940 1177 1004 la
1198 972 1354 1010 Parisiere,
1377 971 1490 1003 Caesar
1513 971 1598 1003 Ioan-

948 1028 1004 1048 nes
1024 1017 1085 1047 284

908 1060 1028 1092 Rouxel
1061 1060 1101 1092 de
1134 1059 1281 1103 Medavy,
1316 1059 1494 1092 Franciscus
1528 1059 1598 1098 245,

908 1148 1034 1187 Rovere,
1062 1148 1253 1180 Octavianus
1277 1147 1358 1180 della
1384 1148 1442 1180 205

907 1193 1035 1231 Rovero,
1060 1192 1192 1224 Ioannes
1215 1193 1301 1236 Bapt.
1326 1193 1365 1224 93

907 1237 1035 1275 Rovero‚
1058 1237 1207 1280 Iosephus
1227 1249 1254 1268 ν.
1278 1237 1414 1268 Rottario

907 1282 1027 1319 Rovtta,
1053 1281 1184 1313 Ioannes
1207 1281 1345 1313 Thomas
1370 1282 1427 1312 313

907 1326 992 1369 Roye
1013 1325 1052 1358 de
1074 1326 1117 1357 La
1139 1325 1404 1363 Rochef0ucauld,
1427 1325 1598 1358 FrIdericus

949 1370 1160 1413 Hieronymus
1179 1369 1219 1402 de
1242 1371 1299 1401 122

907 1414 1002 1457 Royo,
1024 1414 1162 1457 Ignatius
1183 1414 1231 1452 74,
1257 1415 1312 1445 113

907 1459 1002 1501 Royo,
1026 1458 1201 1490 Ioachimus
1224 1458 1280 1489 261

907 1503 993 1545 Royo
1019 1502 1077 1578 de5
1086 1502 1232 1541 Castelvi,
1261 1502 1392 1534 Ioannes
1419 1502 1597 1546 Chrysosto

947 1558 1017 1578 mus
1040 1547 1057 1578 3
1085 1548 1096 1578 1

907 1591 1039 1628 Rozado,
1063 1590 1244 1634 Alphonsus
1267 1591 1322 1622 301

907 1634 1053 1678 RoZycki,
1076 1635 1207 1667 Ioannes
1232 1635 1288 1666 156

907 1681 999 1718 Rubi,
1022 1680 1227 1724 Raymundus
1252 1680 1304 1712 151

907 1725 1034 1763 Rubini,
1056 1724 1306 1757 Bartholomaeus
1327 1724 1454 1757 Iacobus
1473 1737 1500 1756 v.
1522 1724 1597 1756 Vul-

947 1781 1026 1801 sinzo

907 1813 1034 1851 Rubini,
1055 1814 1186 1845 Ioannes
1207 1814 1292 1856 Bapt.
1314 1814 1375 1844 414

906 1857 1011 1895 RuffO,
1034 1858 1172 1890 Thomas
1194 1859 1263 1895 201,
1286 1857 1346 1889 286

907 1902 1011 1940 Ruffo,
1034 1902 1172 1934 Thomas
1197 1902 1298 1934 Maria
1327 1903 1383 1933 114

906 1947 1070 1990 Ruggiero,
1091 1947 1222 1978 Ioannes
1241 1946 1398 1978 Antonius
1417 1947 1478 1977 412

907 1991 986 2023 Ruiz
1022 1991 1061 2023 de
1098 1990 1235 2029 Montes,
1271 1990 1410 2022 Thomas
1447 1990 1596 2033 Iosephus

951 2035 1016 2073 145,
1039 2036 1108 2073 300,
1130 2035 1190 2066 352

907 2079 985 2111 Ruiz
1008 2091 1027 2122 y
1051 2079 1168 2117 Simon,
1192 2078 1323 2111 Ioannes
1351 2079 1407 2110 140

906 2123 1061 2161 Rummel,
1086 2123 1265 2155 Franciscus
1288 2122 1502 2155 Ferdinandus
1526 2123 1595 2161 381,

906 2212 1062 2255 Rupertus
1100 2223 1117 2243 a
1155 2210 1332 2254 Salisburgo
1368 2224 1395 2243 v.
1435 2211 1595 2254 Lamberg,

947 2256 1078 2288 Ioannes
1102 2255 1320 2288 Guidobaldus
1344 2256 1380 2288 R.
1405 2267 1467 2288 von

906 2299 1121 2343 Rupnievvski,
1147 2300 1323 2343 Stephanus
1351 2300 1417 2338 138,
1441 2300 1510 2338 248,
1535 2300 1596 2331 250

906 2344 1024 2382 Russel,
1047 2345 1191 2376 Patritius
1220 2344 1275 2375 188

906 2388 1024 2427 Russel,
1048 2388 1220 2421 Richardus
1246 2389 1314 2426 320,
1339 2389 1400 2420 417

906 2433 1036 2471 Ruvere‚
1060 2432 1209 2476 Iosephus
1231 2432 1369 2476 Ignatius
1390 2432 1430 2465 de
1452 2433 1510 2464 285

905 2478 1008 2520 Ruyu,
1035 2476 1171 2509 Salvator
1194 2478 1251 2508 401

906 2524 1029 2561 Ruzini,
1053 2522 1197 2566 Aloysius
1223 2522 1279 2554 118

1241 2614 1260 2643 S

907 2675 1052 2714 Sabatier,
1075 2676 1184 2707 Petrus
1205 2675 1241 2706 81

906 2719 1075 2757 Sabbatini,
1099 2719 1283 2751 Dominicus
1307 2719 1346 2750 86

906 2764 1075 2801 Sabbatini,
1099 2763 1239 2796 Iulianus
1261 2764 1298 2795 91

906 2808 1033 2846 Sabran,
1054 2808 1168 2841 Caesar
1188 2807 1228 2840 de
1248 2808 1309 2839 210

906 2853 1069 2891 Sacchetti,
1094 2852 1243 2884 Urbanus
1265 2852 1325 2883 417

907 2897 1025 2935 Sacchi,
1049 2896 1147 2929 Iulius
1168 2896 1326 2928 Antonius
1347 2896 1407 2927 273

907 2941 1009 2979 Sacco,
1034 2941 1212 2973 Franciscus
1235 2940 1337 2972 Maria
1359 2940 1407 2978 68,
1435 2939 1490 2971 128

907 2985 1052 3023 Sachsen,
1081 2985 1250 3017 Mauritius
1276 2983 1441 3027 Adolphus
1468 2983 1505 3016 C.
1534 2994 1595 3015 von

2336 183 2396 215 453

1710 306 1951 344 Sachsen-Zeitz,
1997 306 2194 339 Christianus
2237 305 2397 349 Augustus

1750 362 1810 382 von
1833 351 1902 388 226,
1926 351 1985 382 364

1709 394 1806 426 Saenz
1853 394 1892 426 de
1939 394 2101 432 Mafiozca,
2148 394 2278 426 Ioannes
2324 395 2394 432 215,

1710 482 1808 513 Saenz
1830 482 1869 514 de
1891 482 2057 522 Valatorre,
2080 483 2211 516 Ioannes
2234 484 2291 516 305

1710 526 1852 569 Sagredo,
1877 526 2020 570 Aloysius
2043 529 2103 559 409

1710 570 1867 614 Sahagun,
1891 571 2022 604 Ioannes
2044 571 2084 604 de
2108 572 2166 604 378

1710 616 1797 647 Saint
1822 616 1927 654 Albin,
1954 617 2085 649 Carolus
2109 617 2149 649 de
2177 618 2243 655 139,
2270 617 2330 649 238

1710 660 1797 692 Saint
1817 660 1934 698 Esteve,
1955 660 2081 693 Gabriel
2100 661 2139 694 de
2162 662 2218 692 169

1710 705 1797 736 Saint
1817 705 1962 748 Georges,
1983 705 2136 738 Claudius
2156 705 2195 738 de
2215 706 2276 737 249

1710 749 1788 787 Sala,
1810 749 1995 781 Benedictus
2019 751 2075 780 114

1710 793 1856 831 Saladini,
1878 793 2016 825 Thomas
2036 794 2095 825 308

1710 837 1838 875 Salazar,
1866 837 2052 870 Benedictus
2076 837 2115 869 de
2144 839 2200 869 114

1710 881 1838 919 Salazar,
1862 882 1970 914 Petrus
1992 881 2032 914 de
2059 882 2124 919 172,
2149 882 2208 913 339

1710 925 1837 957 Salcedo
1862 938 1880 968 y
1904 925 2037 964 Azcona,
2064 925 2239 958 Ludovicus
2263 925 2302 958 de
2330 926 2396 964 152,

1709 1012 1874 1051 Saldanha,
1898 1013 2054 1046 Antonius
2076 1013 2116 1046 de
2142 1015 2208 1052 192,
2233 1015 2288 1045 321

1710 1057 1874 1095 Saldanha,
1898 1057 2083 1090 Emmanuel
2107 1057 2146 1090 de
2169 1058 2230 1089 416

1709 1101 1874 1139 Saldanha,
1898 1102 2097 1145 Hyacinthus
2122 1102 2161 1134 de
2186 1102 2246 1133 268

1710 1145 1874 1183 Saldanha,
1899 1146 2047 1189 Iosephus
2071 1146 2110 1178 de
2134 1146 2204 1184 206,
2230 1147 2289 1178 322

1710 1189 1845 1228 Salerno,
1872 1190 2022 1222 Fabritius
2046 1190 2203 1222 Antonius
2227 1190 2286 1222 265

1709 1233 1846 1272 Salettes,
1872 1234 2050 1267 Franciscus
2074 1234 2205 1267 Carolus
2229 1234 2268 1267 de
2292 1235 2352 1266 296

1709 1278 1851 1322 Salignac
1873 1278 1912 1311 de
1935 1279 1979 1310 La
2001 1278 2114 1310 Mothe
2136 1278 2282 1317 F6nelon,
2307 1279 2397 1311 Fran-

1748 1325 1846 1355 ciscus
1869 1323 1909 1355 de
1936 1323 1993 1354 139

1709 1366 1872 1404 Salizanes,
1899 1366 2105 1410 Ildephonsus
2129 1367 2168 1399 de
2197 1368 2263 1405 172,
2291 1368 2350 1399 300

1708 1410 1845 1449 Saluzzo,
1870 1411 2066 1454 Augustinus
2091 1411 2139 1450 76,
2165 1412 2225 1443 256

1708 1455 1864 1493 Salvatori,
1889 1455 2020 1488 Carolus
2046 1457 2099 1487 101

1708 1499 1799 1537 Salvi,
1826 1499 1952 1532 Fulvius
1977 1499 2035 1531 365

1708 1544 1891 1587 Samaniego
1912 1556 1931 1587 y
1952 1543 2032 1584 Jaca,
2057 1543 2241 1576 Emmanuel
2263 1544 2302 1576 de
2328 1545 2394 1581 130,

1708 1631 1860 1675 Sampaio,
1882 1632 2108 1664 Constantinus
2129 1632 2169 1665 de
2192 1633 2247 1664 341

1708 1676 1856 1719 Sampiro,
1881 1676 2058 1708 Franciscus
2083 1677 2122 1708 82

1708 1722 1769 1754 San
1791 1722 1886 1765 Jurjo,
1910 1722 2066 1754 Antonius
2087 1722 2126 1754 de
2153 1722 2208 1753 103

1708 1767 1769 1798 San
1800 1767 1929 1805 Martin,
1961 1766 2140 1810 Alphonsus
2170 1766 2326 1798 Antonius
2356 1765 2394 1797 de

1707 1855 1843 1887 Sanches
1866 1854 1997 1892 Goulao,
2021 1854 2206 1886 Emmanuel
2230 1855 2288 1886 379

1707 1899 1846 1931 Sanchez
1866 1899 1916 1931 del
1937 1898 2095 1937 Castellar,
2116 1898 2272 1931 Antonius
2292 1899 2352 1930 297

1707 1943 1846 1975 Sanchez
1866 1943 1916 1975 del
1938 1943 2097 1981 Castellar,
2120 1942 2292 1975 Bernardus
2313 1943 2394 1974 Mat-

1747 1987 1855 2020 thaeus
1874 1988 1943 2025 223,
1964 1988 2019 2019 381

1706 2031 1845 2063 Sanchez
1871 2032 2032 2075 Marquez,
2058 2031 2236 2063 Franciscus
2261 2031 2300 2063 82

1707 2076 1845 2114 Sanchis,
1870 2076 2018 2119 Iosephus
2041 2076 2089 2113 82,
2114 2076 2182 2114 351,
2208 2076 2267 2107 369

1707 2120 1838 2158 Sancho,
1860 2121 1968 2152 Petrus
1993 2120 2048 2151 168

1707 2165 1829 2196 Sancho
1853 2164 2008 2203 Granado,
2034 2164 2182 2207 Iosephus
2207 2165 2266 2196 339

1706 2208 1858 2246 Sandulli,
1880 2208 2030 2241 Paulinus
2054 2209 2110 2240 148

1706 2253 1870 2291 Sanfelice,
1891 2253 2047 2285 Antonius
2068 2253 2128 2284 286

1707 2298 1924 2340 Sangermano,
1954 2297 2152 2340 Hyacinthus
2178 2298 2238 2328 294

1706 2342 1924 2384 Sangiovanni,
1950 2341 2080 2373 Lazarus
2107 2342 2163 2372 120

1705 2386 1831 2429 Sangro,
1856 2386 2012 2418 Antonius
2036 2385 2075 2417 de
2100 2386 2155 2417 391

1705 2430 1885 2473 Sanguessa,
1914 2430 2091 2462 Franciscus
2119 2429 2293 2462 Ludovicus
2325 2429 2390 2467 132,

1705 2520 1818 2558 Sanna,
1843 2520 1973 2552 Ioannes
1995 2520 2081 2563 Bapt.
2105 2521 2161 2551 401

1705 2567 1819 2605 Sanna,
1846 2567 1976 2598 Ioannes
2001 2565 2178 2597 Leonardus
2202 2564 2240 2596 95

1706 2613 1916 2651 Sanseverino,
1942 2611 2094 2644 Camillus
2119 2612 2179 2642 340

1706 2659 1846 2697 Sansoni,
1868 2658 1980 2690 Daniel
2002 2659 2050 2695 71,
2075 2658 2127 2688 141

1706 2705 1799 2737 Santa
1820 2705 1913 2742 Cruz,
1933 2704 2113 2747 Alphonsus
2132 2703 2172 2735 de
2191 2703 2251 2734 266

1706 2751 1799 2783 Santa
1822 2751 1923 2783 Maria
1945 2763 1964 2793 y
1987 2749 2115 2787 Salazar,
2140 2748 2324 2781 Emmanuel
2347 2748 2391 2780 Io-

1746 2795 1859 2839 sephus
1878 2795 1917 2827 de
1936 2795 1996 2826 248

1706 2842 1895 2878 Santaeroce,
1922 2840 2060 2872 Andreas
2086 2840 2154 2878 352,
2180 2840 2240 2871 417

1706 2888 1860 2930 Santaggi,
1881 2887 2057 2919 Franciscus
2077 2887 2134 2917 343

1706 2934 1903 2971 Santamaria,
1933 2932 2082 2965 Nicolaus
2109 2932 2256 2964 Xaverius
2288 2931 2344 2962 180

1705 2979 1849 3023 Santiago
1884 2991 1904 3023 y
1938 2978 2103 3016 Calderon,
2139 2977 2317 3009 Franciscus
2351 2976 2390 3009 de

1745 3024 1783 3056 88
