2522 3476
825 197 1008 231 cardinales
1026 198 1085 231 sub
1104 198 1271 231 Benedicto
1291 198 1366 231 XIII
1386 198 1484 237 (VIII,
1504 198 1608 237 28-29)
2322 199 2361 230 39

199 331 282 356 tuen.
306 331 336 354 et
358 322 388 355 S.
411 322 545 354 Rufinae
570 324 606 353 12
627 321 712 354 Febr.
740 321 854 360 1759‚1)
877 321 896 363 †
917 323 953 353 21
979 322 1048 354 Iun.
1075 321 1189 360 1759.2)

76 386 123 418 28.
146 386 286 418 Carolus
309 387 504 417 Vincentius
526 386 634 416 Maria
657 386 825 415 Feri-erius
850 383 1027 422 (Ferreri)‚³)
1052 384 1189 422 Nicien.‚

199 429 285 466 O.P.,
307 441 355 472 ep.
379 427 579 460 Alexandrin.
606 445 635 454 z
661 436 693 459 tt.
719 427 748 459 S.
772 427 892 459 Mariae
914 430 947 459 in
969 428 1028 459 Via
1051 429 1089 459 23
1113 428 1188 460 Dec.

201 474 288 511 1729,
307 472 326 514 †
344 474 363 504 9
383 473 457 504 Dec.
481 471 596 510 17424)

146 613 165 647 ²)
183 614 269 642 ΔΑῐε1ι.
289 615 366 642 Caer.
385 615 440 641 602
458 625 484 649 p.
507 615 566 641 142.

147 662 166 695 2)
187 662 240 690 Ob.
265 663 365 690 Rornae
388 664 420 689 21
446 662 507 689 Iun.
535 663 604 689 1759
627 661 691 688 hora
718 662 758 693 16,
782 672 806 689 a.
830 668 880 689 aet.
904 672 967 689 suae
990 663 1042 694 63;
1067 664 1102 688 22
1126 663 1187 689 Iun.

73 698 108 727 de
127 709 184 726 sero
205 698 323 726 delatum
346 698 400 726 fuit
421 697 532 726 cadaver
553 697 617 725 dicti
639 697 709 725 card.
733 697 766 725 ad
789 697 852 725 eccl.
875 708 977 733 patoec.
1001 699 1028 725 S.
1052 699 1189 726 Laurentii

73 738 104 763 in
124 735 235 767 Lucina,
258 737 288 762 in
311 745 365 770 qua
388 735 422 761 23
446 735 508 761 Iun.
530 734 676 762 celebratae
699 734 812 761 fuerunt
834 736 979 769 exequiae3
1003 733 1036 761 de
1060 745 1116 762 sero
1139 737 1189 769 pri-

29 767 45 783 ff

22 790 40 801 22
73 778 133 799 vate
150 770 268 798 delatum
287 770 341 797 fuit
358 769 469 798 cadaver
487 769 521 798 ad
539 770 668 806 capellam
687 770 896 805 Burghesianam
916 773 946 797 in
964 770 1019 797 bas.
1039 770 1188 802 Liberiana,

74 806 367 874 ἱῶὃςὲιὸυωπιιὼὶωπι
391 806 446 834 fuit
468 809 498 834 in
522 806 663 842 sepulchro
686 809 818 833 maiorum
844 806 936 838 (Arch.
961 807 1038 834 Caer.
1064 807 1118 834 602
1142 817 1188 842 pp.

145 892 165 925 ⁸)
188 894 260 920 Cum
283 893 360 919 Brevi
382 891 475 927 Apost.
502 891 533 918 16
557 890 608 918 Iul.
635 891 703 918 1729
727 891 800 918 S-mu*
824 890 900 917 D.N.
924 892 948 917 ei
970 889 1086 916 biretum
1109 887 1190 915 cardi-

24 928 42 961 ζ
73 929 127 958 nal.
144 931 217 956 misit
235 929 274 962 (S.
292 929 335 956 Bt.
354 929 427 955 2742
444 927 464 954 f.
483 927 558 958 257).
577 927 610 954 In
627 929 732 954 consist.
751 925 861 961 publico
879 927 915 953 22
934 926 1000 953 Dec.
1024 926 1093 952 1729
1113 925 1140 952 S.
1160 925 1187 952 S.

28 970 41 986 *³
73 975 135 994 etun
158 964 247 1001 galero
269 964 348 992 rubro
372 966 510 999 insignivit
534 963 596 993 (AC
620 965 655 990 29
680 963 710 990 ff.
735 961 882 994 209-209‘),
907 960 1006 989 deinde
1028 964 1059 988 in
1082 963 1188 988 consist.

30 1007 36 1017 ·²
73 1007 171 1030 secreto
191 1002 226 1028 23
248 1001 314 1028 Dec.
340 1001 409 1027 1729
431 1003 456 1027 ei
477 1010 506 1027 os
527 999 621 1027 clausit
642 1006 669 1026 et
689 1001 719 1026 in
740 999 795 1026 fine
815 997 935 1026 eiusdem
957 1000 1063 1025 consist.
1085 999 1189 1031 aperuit

73 1047 97 1066 c.
117 1037 156 1065 tt.¹
178 1039 228 1064 assi
269 1057 274 1062 .
295 1036 323 1069 (l.
343 1047 366 1064 c.
386 1036 416 1064 ff.
436 1038 499 1069 210,
519 1035 594 1068 216).
614 1037 648 1062 23
670 1036 736 1062 Dec.
760 1036 828 1062 1729
850 1041 880 1061 tr.
901 1033 934 1061 ad
954 1033 1016 1061 eccl.
1038 1033 1179 1061 Vercellen

30 1064 38 1097 f
74 1072 120 1107 (cf.
141 1074 225 1101 Verce
246 1072 310 1105 en.).

145 1119 164 1152 ⁴)
183 1120 237 1148 Ob.
259 1122 289 1147 in
311 1122 361 1147 civ.
385 1119 534 1147 Vercellen.
557 1121 574 1147 9
598 1120 664 1146 Dec.
692 1120 778 1148 1742;
802 1117 922 1153 sepultus
945 1119 975 1144 in
998 1126 1045 1144 suu
1068 1113 1186 1143 cathedr.

34 1139 39 1158 ³¹
74 1155 136 1190 (Ac
155 1157 190 1183 32
210 1156 240 1184 ff.
263 1155 407 1188 139‘-14o).

1318 321 1361 359 m)
1382 324 1415 352 in
1435 321 1619 354 duodecima
1638 325 1829 365 promotione
1850 322 1867 353 8
1889 321 1974 353 Febr.
2000 322 2078 353 1730
2099 321 2239 360 hahita.⁵)

1248 384 1295 414 29.
1319 384 1525 415 Alamannus
1550 385 1716 416 Salviatus
1741 383 1930 422 (Salviati)‚⁶)
1954 383 2131 422 Florentia,
2155 392 2230 427 prot.
2255 391 2360 427 apost„

1371 427 1531 470 legationis
1550 428 1665 459 Urbini
1683 428 1859 471 praesidens
1879 445 1908 454 =
1931 436 1962 460 tt.
1983 428 2012 460 S.
2033 428 2153 460 Mariae
2170 430 2203 459 in
2222 427 2360 460 Aracoeli

1371 473 1410 502 24
1431 471 1488 504 Iul.
1515 472 1629 510 1730,'²)
1650 472 1669 513 †
1689 474 1729 504 24
1749 472 1835 504 Febr.
1861 472 1975 510 1733.8)

1320 613 1340 645 5)
1361 614 1394 640 In
1421 616 1526 640 consist.
1555 621 1652 641 secreto
1682 616 1696 641 8
1726 614 1800 641 Febr.
1833 616 1902 642 1730
1930 615 1958 642 S.
1986 615 2013 642 S.
2042 617 2139 642 creavit
2166 621 2192 642 et
2219 613 2360 642 declaravit

1247 649 1341 676 SRE.
1365 648 1480 676 card.¹⁵'¹¹
1504 649 1562 685 pbr.
1586 650 1770 677 Alamannam
1795 650 1950 683 Salviatum‚
1975 657 2041 685 prot.
2066 657 2148 685 apost.
2172 658 2198 678 et
2222 650 2359 684 legationis

1248 685 1347 712 Urbini
1371 684 1564 720 praesidentem
1590 686 1652 718 (AC
1677 688 1711 713 30
1735 687 1764 714 ff.
1790 686 1882 716 9210).
1907 687 1939 713 In
1963 689 2067 713 consist.
2092 686 2200 721 publico
2228 689 2256 713 11
2285 686 2359 713 Febr.

1250 722 1319 747 1730
1342 722 1369 748 S.
1393 722 1420 748 S.
1443 724 1467 748 ei
1489 722 1608 756 galerum
1631 722 1740 749 rubrum
1764 725 1891 757 imposuit
1915 722 1942 754 (l.
1966 733 1988 749 c.
2012 723 2042 750 ff.
2069 722 2175 754 11-11‘).
2200 723 2232 749 In
2254 725 2358 749 consist.

1246 763 1344 783 secreto
1366 758 1401 783 24
1422 757 1473 784 lul.
1499 758 1568 784 1730
1590 758 1662 785 S.¹¹¹¹¹⁸
1685 759 1760 785 D.N.
1782 758 1909 785 Clemens
1930 759 1982 785 ΡΡ.
2004 759 2054 785 ΧΠ
2074 761 2098 785 ei
2120 769 2148 785 os
2169 758 2262 785 clausit
2283 766 2310 785 et
2330 760 2359 785 in

1247 795 1301 822 fine
1322 794 1442 822 eiusdem
1464 797 1569 822 consist.
1592 797 1696 829 aperuit
1717 805 1739 821 c.
1764 794 1803 821 tt.¹
1828 797 1923 829 assign.
1947 794 1975 827 (1.
1997 804 2020 821 c.
2043 794 2072 821 ff.
2099 796 2139 826 14,
2166 794 2226 826 18‘).

1320 831 1339 863 Β)
1364 833 1396 858 14
1419 831 1489 866 Aug.
1517 832 1582 857 1711
1609 830 1701 866 deput.
1724 830 1833 865 viceleg.
1858 830 2026 857 Avenionen.
2052 831 2090 862 (S.
2115 831 2156 857 Bt.
2181 831 2251 857 2303
2277 830 2297 856 f.
2324 829 2358 862 1).

1246 868 1281 894 27
1300 867 1351 894 Iul.
1374 868 1443 894 1730
1462 867 1491 894 fit
1509 866 1592 902 praef.
1612 867 1770 901 Signaturae
1787 866 1906 893 Iustitiae
1925 867 1964 898 (S.
1983 867 2025 893 Br.
2045 867 2117 893 2754
2137 865 2156 892 f.
2177 865 2213 897 3).
2236 868 2267 893 19
2287 866 2358 900 Aug.

1249 904 1318 929 1730
1336 902 1428 938 deput.
1446 909 1554 938 protect.
1573 903 1671 938 Congr.
1690 901 1773 929 Vallis
1792 902 1940 929 Umbrosae
1957 902 2054 929 O.S.B.
2074 902 2112 934 (S.
2131 903 2172 929 Bt.
2192 902 2261 928 2755
2281 901 2301 928 f.
2322 901 2357 934 5);

1250 940 1282 966 17
1301 938 1376 966 Febr.
1399 940 1465 966 1731
1488 938 1580 974 deput.
1601 938 1651 973 leg.
1672 938 1770 965 Urbini
1791 938 1829 971 (S.
1850 939 1891 965 Bt.
1911 938 1983 965 2766
2002 937 2023 965 f.
2046 938 2079 970 1),
2099 948 2180 972 quam
2200 937 2358 973 legationem

1246 974 1346 1002 dimisit
1365 981 1428 1002 ante
1450 976 1482 1001 18
1502 975 1563 1001 Iun.
1587 976 1657 1001 1732
1678 974 1716 1006 (S.
1739 975 1780 1001 ΒΥ.
1802 975 1872 1001 2795
1894 973 1914 1000 f.
1935 974 1991 1005 93).

1319 1010 1338 1042 τ)
1360 1011 1411 1038 AC
1432 1012 1466 1037 30
1486 1010 1506 1037 f.
1529 1010 1579 1037 18‘.

1318 1046 1338 1078 ⁸)
1356 1047 1409 1074 Ob.
1431 1047 1532 1073 Romae
1554 1048 1590 1072 24
1612 1045 1686 1072 Febr.
1712 1046 1780 1072 1733
1804 1045 1868 1072 hora
1890 1047 1925 1072 20
1946 1055 2009 1072 eum
2031 1044 2150 1077 dimidio,
2174 1055 2258 1073 annos
2279 1056 2359 1080 agens

1246 1083 1290 1114 64,
1314 1093 1350 1109 m.
1377 1084 1417 1114 11,
1443 1081 1487 1109 dd.
1511 1084 1545 1113 4;
1569 1082 1604 1108 26
1627 1081 1702 1108 Febr·
1726 1083 1756 1108 in
1778 1081 1841 1108 eccl.
1866 1082 1893 1108 S.
1918 1082 2021 1108 Mariae
2043 1083 2073 1108 in
2095 1081 2216 1108 Aracoeli
2239 1089 2359 1109 cantatae

1245 1118 1357 1146 fuerunt
1377 1117 1482 1153 vigiliae
1501 1118 1593 1153 ibique
1614 1117 1724 1144 cadaver
1744 1120 1773 1144 in
1793 1117 1878 1144 forma
1898 1116 2010 1152 depositi
2031 1117 2194 1144 tumulatum
2214 1117 2275 1150 fuit,
2296 1117 2359 1145 inde

1247 1154 1407 1182 Florentiam
1429 1152 1643 1181 transferendum
1666 1153 1757 1186 (Arch.
1780 1154 1856 1181 Caer.
1880 1154 1932 1180 592
1952 1164 1979 1182 1).
2004 1153 2075 1185 162).
