2522 3476
100 304 257 337 Antonius
279 318 295 337 a
319 306 348 338 S.
376 306 524 338 Theresia
551 307 610 338 253

100 349 256 382 Antonius
278 362 295 381 a
317 350 406 382 Valle
436 350 514 383 Solis
543 363 570 383 v.
602 351 721 384 Maturi

100 393 243 437 Aparicio
266 406 286 437 y
309 394 418 433 Gilart,
444 395 577 428 Isidorus
606 397 661 427 176

99 437 242 481 Aparicio
265 438 414 477 Navarro,
438 439 570 472 Ioannes
593 442 662 478 240,
687 442 747 472 247

99 482 242 526 Aparicio
263 495 283 526 y
310 483 459 521 Navarro,
488 484 636 527 Iosephus
668 486 722 516 103

99 526 238 570 Aprosio‚
261 527 412 560 Nicolaus
434 528 604 561 Caietanus
626 529 684 560 283

99 571 242 614 Aquena,
267 571 410 604 Gavinus
432 572 472 604 de
501 574 556 604 124

99 615 217 659 Aquin,
240 616 338 648 Lucas
360 616 389 648 d'
411 618 481 655 204,
505 618 564 649 389

99 659 217 703 Aquin,
241 660 418 693 Ludovicus
438 661 467 693 d'
490 663 560 699 204,
585 663 643 693 338

99 703 236 747 Aquino,
259 704 398 737 Andreas
424 705 453 737 d’
481 706 549 744 380,
578 707 637 738 388

99 748 236 792 Aquino,
259 749 397 781 Thomas
419 749 447 782 d’
471 750 540 788 365,
564 752 623 782 413

99 792 251 836 Aragona,
275 793 427 826 Hercules
444 794 583 826 Michael
599 795 627 827 d'
644 796 713 833 267,
731 797 790 827 310

99 836 250 881 Aragona,
274 838 459 871 Vincentius
484 839 586 871 Maria
610 839 639 872 d'
670 841 725 872 179

99 881 202 914 Arana
223 894 242 925 y
262 882 388 921 Cuesta,
411 883 610 926 Hyacinthus
630 884 669 916 de
689 886 749 916 422

99 925 224 969 Arango
250 939 270 970 y
297 927 432 971 Queipo,
462 928 675 961 Ferdinandus
704 929 790 972 Igna*

141 973 202 1003 tius
224 970 263 1003 de
288 972 347 1003 394

99 1015 230 1054 Arcano,
254 1016 405 1049 Nicolaus
427 1017 456 1049 d’
484 1018 537 1049 165

98 1059 324 1098 Arcemberski,
347 1060 534 1094 Valentinus
556 1062 707 1094 Matthias
730 1063 790 1093 232

99 1104 259 1143 Archinto,
287 1106 499 1149 Hieronymus
527 1107 595 1143 370,
622 1107 681 1137 415

98 1148 259 1187 Archinto,
290 1149 439 1193 Iosephus
469 1151 538 1188 263,
570 1151 630 1182 377

98 1193 188 1231 Areo,
215 1194 365 1237 Iosephus
392 1194 570 1226 Franciscus
596 1206 656 1226 von
688 1194 743 1226 157

98 1237 280 1276 Ardizzone,
306 1238 428 1271 Laelius
457 1239 512 1270 146

98 1281 254 1320 Atellano,
278 1282 473 1326 Augustinus
497 1283 536 1315 de
565 1285 621 1314 129

98 1326 239 1365 Arevalo,
265 1326 462 1360 Sebastianus
487 1327 526 1360 de
550 1328 620 1365 268,
647 1329 702 1359 301

99 1370 267 1415 Argouges,
290 1371 469 1404 Franciscus
495 1371 523 1404 d'
550 1372 610 1403 408

99 1415 204 1459 Argou
225 1427 267 1454 es,
290 1415 430 1448 Michael
456 1417 564 1448 Petrus
589 1416 618 1449 d'
645 1417 704 1448 312

99 1459 204 1503 Argiie
228 1471 269 1498 es,
294 1460 425 1492 Ioannes
448 1460 487 1492 de
510 1461 559 1498 97,
585 1461 641 1492 305

99 1504 216 1543 Ariani,
240 1504 381 1537 Andreas
407 1505 444 1537 85

98 1547 186 1581 Arias
209 1561 230 1592 y
252 1549 367 1587 Porres,
392 1549 578 1582 Emmanuel
603 1552 663 1581 222

98 1592 241 1632 Ariberti,
267 1593 399 1626 Ioannes
424 1594 509 1637 Bapt.
537 1595 596 1625 304

98 1636 221 1676 Ariosti,
244 1637 310 1670 Azo
337 1639 393 1669 109

98 1681 289 1726 Armengual
323 1682 373 1714 del
408 1683 496 1720 Pino,
533 1683 717 1715 Laurentius
751 1683 790 1715 de

145 1726 210 1765 186,
233 1727 294 1758 207

98 1769 256 1809 Armenio,
282 1771 431 1814 Iosephus
455 1772 490 1803 91

98 1814 289 1858 Armstrong,
315 1815 446 1847 Ioannes
475 1816 531 1847 189

98 1858 239 1903 Arquero
264 1872 283 1903 y
308 1859 430 1897 Robles,
457 1860 555 1892 Lucas
579 1862 640 1892 292

98 1903 239 1947 Arregui,
264 1904 391 1936 Gabriel
414 1904 453 1936 de
482 1905 537 1936 179

98 1947 186 1980 Arria
208 1960 234 1986 a,
258 1948 415 1980 Antonius
437 1948 477 1981 de
499 1950 555 1980 421

99 1991 189 2036 Arrig
213 1995 232 2030 i,
257 1993 435 2025 Franciscus
462 1993 522 2024 289

99 2036 232 2080 Arrighi,
257 2037 435 2069 Franciscus
462 2037 564 2069 Maria
591 2038 649 2069 275

99 2080 252 2124 Arrigoni,
277 2081 453 2114 Alexander
476 2082 536 2114 254

99 2125 248 2158 Arsenius
271 2138 288 2158 a
312 2126 495 2158 Mediolano
520 2127 579 2158 306

99 2169 230 2213 Arteaga
250 2183 269 2213 y
290 2170 458 2208 Dicastillo,
481 2171 612 2203 Ioannes
631 2171 670 2203 de
696 2172 751 2203 107

100 2213 288 2258 Ascargorta,
317 2215 475 2247 Martinus
501 2215 540 2247 de
567 2217 637 2252 211,
666 2216 725 2247 339

99 2260 239 2299 Asensio,
263 2261 395 2292 Ioannes
418 2261 468 2298 65,
491 2262 561 2298 210,
585 2260 645 2292 247

100 2306 232 2350 Asperti,
255 2306 460 2350 Raymundus
483 2307 542 2338 313

100 2352 184 2391 Aste,
207 2352 386 2385 Franciscus
413 2353 515 2384 Maria
541 2352 570 2385 d'
597 2354 656 2384 223

101 2398 184 2437 Aste,
207 2398 377 2431 Marcellus
403 2398 431 2431 d’
459 2399 507 2436 83,
538 2399 593 2431 103

101 2444 222 2483 Astiria,
249 2445 433 2477 Laurentius
457 2446 517 2476 264

101 2491 229 2535 Astorga
251 2491 290 2523 de
316 2491 454 2529 Castillo,
481 2491 612 2523 Ioannes
638 2493 699 2523 422

101 2537 229 2581 Astorga
251 2550 270 2581 y
297 2537 463 2581 Cespedes,
492 2537 630 2570 Didacus
656 2537 695 2570 de
726 2539 792 2574 114,

102 2628 291 2660 Athanasius
317 2627 356 2660 ab
382 2628 443 2660 Aix
469 2641 496 2660 v.
525 2628 707 2671 Mesgrigny

102 2674 217 2711 Attaffi,
242 2674 369 2706 Marcus
393 2674 550 2707 Antonius
575 2675 644 2712 345,
670 2675 728 2706 363

102 2720 270 2758 Attavanti,
297 2720 446 2763 Iosephus
471 2720 620 2753 Octavius
644 2721 684 2752 98

103 2767 245 2810 Attemps
268 2779 294 2799 v.
319 2766 439 2798 Attems

103 2813 232 2851 Attems,
260 2813 409 2856 Iosephus
435 2812 601 2845 Oswaldus
626 2825 686 2845 von
713 2814 773 2845 239

103 2858 178 2896 Atti,
203 2859 388 2891 Vincentius
411 2858 490 2902 degl'
517 2860 583 2897 112,
608 2859 667 2891 398

104 2902 195 2935 Aube
239 2903 278 2935 de
322 2903 573 2946 Roquemartine,
620 2903 795 2936 Ludovicus

105 2992 223 3024 Aubert
253 2992 292 3025 de
322 2993 495 3031 Villeserin,
528 2992 703 3026 Ludovicus
733 2993 796 3025 An-

147 3048 225 3069 neus
250 3037 310 3068 352

1121 185 1289 229 Appendix
1320 186 1362 218 IV

901 308 1055 352 Aubigne',
1074 309 1228 342 Claudius
1245 310 1378 343 Maurus
1394 311 1423 344 d'
1441 313 1510 350 293,
1531 313 1589 344 336

900 352 1067 385 Aubusson
1088 354 1127 386 de
1148 354 1177 386 13
1199 355 1365 393 Feuillade,
1388 356 1540 400 Georgius
1561 357 1589 389 d'

901 398 1094 484 Au2g6u63tinus
1117 442 1155 474 ab
1183 442 1433 476 Annuntiatione
1462 447 1518 476 211

900 485 1095 528 Augustinus
1117 499 1133 518 a
1163 487 1192 519 S.
1223 487 1345 520 Thoma
1375 488 1532 531 Aquinate
1560 503 1587 521 v.

942 530 1086 562 Passante

900 573 1170 649 Au2g4u3stynowicz,
1206 576 1337 608 Ioannes
1370 576 1485 609 Tobias
1519 580 1588 616 221,

901 662 1040 700 Aussem,
1065 663 1181 696 Paulus
1206 664 1245 695 80

901 706 1006 742 Auter,
1033 707 1163 740 Severus
1187 708 1324 741 Thomas
1354 710 1418 747 183,
1445 712 1504 742 209

900 750 1045 788 Auxerre,
1092 752 1223 784 Ioannes
1268 753 1506 797 Chrysostomus
1550 755 1589 787 de

900 837 1020 877 Avalos,
1048 840 1264 873 Bonaventura
1289 842 1328 874 de
1354 843 1412 874 233

899 885 1021 923 Aviani,
1047 886 1178 918 Ioannes
1201 886 1229 919 d’
1255 888 1313 918 343

899 929 987 967 Avio,
1010 929 1185 962 Alexander
1213 931 1282 968 315,
1311 931 1368 963 355

899 973 987 1011 Avio,
1011 974 1160 1007 Octavius
1184 975 1245 1006 280

900 1017 1005 1061 Ayala,
1029 1018 1158 1051 Fructus
1184 1019 1357 1052 Bernardus
1380 1020 1419 1053 de
1445 1021 1500 1052 351

900 1062 1005 1105 Ayala,
1029 1063 1136 1095 Petrus
1162 1063 1201 1095 de
1227 1064 1266 1094 66

900 1106 1023 1149 Ayllon,
1050 1107 1226 1140 Ludovicus
1250 1108 1289 1140 de
1315 1109 1374 1140 354

899 1150 1023 1183 Azcona
1050 1151 1192 1190 Imberto,
1218 1152 1374 1185 Antonius
1401 1154 1460 1184 390

900 1195 992 1227 Azlor
1014 1208 1033 1239 y
1058 1196 1214 1240 Berbegal,
1240 1197 1444 1240 Raymundus
1467 1197 1506 1230 de
1530 1199 1589 1229 298

899 1239 1011 1278 Aznar,
1036 1240 1176 1272 Andreas
1200 1242 1270 1279 223,
1296 1242 1356 1273 372

900 1283 1049 1323 Azzolini,
1075 1284 1252 1318 Franciscus
1278 1286 1337 1317 334

1233 1378 1257 1405 B

901 1443 1007 1481 Babbi,
1032 1444 1188 1477 Antonius
1214 1446 1273 1477 347

902 1488 1032 1525 Baccari,
1057 1489 1235 1521 Franciscus
1259 1490 1318 1521 374

902 1533 1032 1570 Baccari,
1056 1533 1199 1565 Nuntius
1225 1535 1280 1565 123

902 1577 1031 1613 Bacoue,
1059 1578 1120 1609 Leo
1145 1579 1205 1609 210

902 1621 1006 1659 Badet,
1031 1621 1168 1654 Thomas
1194 1623 1253 1654 367

902 1665 1072 1703 Badoer(o),
1097 1666 1228 1698 Ioannes
1254 1668 1319 1705 127,
1343 1669 1403 1699 409

901 1710 1028 1753 Baglion
1065 1710 1104 1742 de
1141 1710 1169 1742 13
1208 1710 1298 1749 Salle,
1338 1711 1515 1744 Franciscus
1551 1712 1590 1745 de

902 1798 1028 1841 Baglion
1048 1798 1086 1830 de
1106 1798 1133 1831 13
1155 1799 1244 1837 Salle,
1265 1800 1373 1832 Petrus
1392 1800 1431 1832 de
1450 1801 1510 1832 268

901 1842 1116 1881 Baillencourt,
1141 1843 1319 1876 Franciscus
1341 1844 1380 1876 de
1408 1845 1463 1876 128

901 1887 1019 1918 Baillon
1051 1887 1090 1919 de
1122 1888 1260 1926 Saillant,
1294 1889 1471 1921 Franciscus
1504 1889 1590 1933 Igna-

942 1934 1002 1963 tius
1024 1931 1063 1963 de
1087 1933 1155 1969 314,
1180 1933 1239 1964 387

902 1975 1020 2007 Bakich
1041 1975 1080 2008 de
1102 1976 1195 2014 Lach,
1218 1977 1326 2009 Petrus
1352 1979 1417 2016 124,
1441 1978 1499 2009 358

901 2019 1009 2052 Balbes
1036 2020 1076 2052 de
1104 2021 1217 2052 Berton
1245 2021 1284 2053 de
1311 2021 1442 2059 Crillon,
1472 2022 1590 2054 Franci-

941 2076 1009 2096 scus
1034 2064 1087 2096 des
1112 2066 1182 2103 407,
1207 2066 1266 2097 415

902 2108 997 2146 Balbi,
1022 2108 1153 2141 Ioannes
1176 2109 1316 2142 Andreas
1340 2111 1400 2142 292

902 2154 997 2192 Baldi,
1024 2154 1154 2186 Ioannes
1179 2154 1335 2187 Antonius
1365 2155 1417 2186 161

902 2198 1116 2236 Baldovinetti,
1146 2199 1276 2231 Ioannes
1304 2199 1434 2232 Carolus
1467 2200 1518 2231 131

902 2242 1009 2274 Ballati
1034 2242 1133 2280 Nerli,
1157 2243 1342 2276 Dominicus
1369 2244 1423 2275 163

902 2287 1089 2325 Balmaseda,
1125 2287 1305 2330 Alphonsus
1339 2287 1379 2320 de
1419 2289 1484 2326 147,
1520 2289 1590 2326 209,

903 2375 1028 2418 Balogh,
1055 2375 1206 2408 Nicolaus
1231 2377 1292 2407 402

903 2419 1059 2458 Balsarini,
1096 2420 1275 2452 Leonardus
1313 2420 1379 2458 158,
1419 2421 1484 2458 173,
1521 2421 1590 2459 267,

903 2508 1002 2546 Balzo,
1026 2508 1207 2552 Alphonsus
1228 2508 1279 2541 del
1306 2509 1362 2540 136

904 2553 1011 2584 Banne
1035 2552 1195 2595 d'Avejan,
1222 2553 1353 2585 Carolus
1377 2553 1417 2585 de
1442 2553 1481 2585 76

904 2597 1003 2628 Banos
1030 2610 1047 2640 y
1077 2597 1263 2640 Sotomayor,
1292 2597 1430 2630 Didacus
1455 2597 1494 2630 de
1522 2598 1591 2636 258,

907 2642 1089 2728 l3a3931ug0
1110 2685 1148 2717 de
1169 2687 1229 2716 240

905 2729 1041 2766 Baradat,
1070 2729 1245 2762 Ludovicus
1270 2729 1309 2761 de
1335 2731 1392 2761 401

905 2774 1020 2811 Barata,
1045 2774 1229 2806 Dominicus
1252 2774 1321 2811 278,
1345 2775 1401 2805 321

905 2818 1010 2849 Barata
1033 2818 1072 2849 de
1095 2817 1285 2857 Mendonca,
1309 2818 1427 2861 Gaspar
1451 2819 1506 2850 341

906 2862 1032 2900 Baratta,
1059 2862 1243 2894 Laurentius
1267 2862 1508 2905 Christophorus
1533 2863 1591 2894 205

905 2906 1080 2943 Barbadico,
1126 2906 1257 2938 Ioannes
1301 2906 1479 2939 Franciscus
1527 2907 1592 2944 127,

905 2951 1231 3031 Β3ῗξὲὲίἒε1,1Μ3τςυς
1256 2994 1412 3027 Antonius
1442 2995 1507 3032 172,
1533 2995 1593 3026 274

906 3038 1081 3076 Barbadico,
1105 3039 1212 3071 Petrus
1235 3040 1296 3070 409

2327 192 2387 223 439

1701 311 1861 355 Barbarigo
1887 325 1912 344 ν.
1941 313 2107 346 Barbadico

1700 356 1866 394 Barberini,
1890 357 2046 390 Antonius
2071 359 2130 390 332

1700 400 1797 432 Barbo
1816 413 1876 432 von
1897 402 2109 440 Waxenstein,
2131 402 2307 435 Franciscus
2328 403 2386 435 En-

1740 444 1893 487 gelbertus
1919 446 1975 477 182

1700 489 1803 520 Barcia
1827 502 1845 532 y
1867 489 2048 528 Zambrana,
2073 491 2221 534 Iosephus
2243 492 2302 523 207

1700 533 1889 571 Bardzir'iski,
1921 534 2105 567 Adalbertus
2138 535 2274 578 Ignatius
2307 536 2363 567 345

1700 577 1847 620 Bargagli,
1873 578 2043 611 Caietanus
2069 579 2170 611 Maria
2201 580 2255 611 163

1700 621 1843 664 Bargede,
1869 622 2031 655 Eduardus
2054 624 2110 654 291

1700 665 1873 708 Bargellini,
1901 667 2008 699 Petrus
2034 669 2094 698 220

1700 709 1843 747 Barsslon,
1869 711 2026 743 Henricus
2049 711 2089 743 de
2113 713 2173 743 249

1700 754 1843 792 Batlocci,
1870 754 2017 798 Iosephus
2043 755 2127 787 Felix
2151 757 2211 787 280

1700 798 1831 830 Barlotta
1856 811 1875 841 y
1900 799 1998 837 Ferro,
2024 799 2172 843 Iosephus
2199 801 2257 832 374

1700 842 1852 874 Barnabas
1879 855 1896 874 a
1923 843 2105 875 Mediolano
2132 857 2159 876 v.
2189 844 2299 876 Fedele

1700 887 1800 924 Barni,
1827 887 1979 930 Georgius
2005 888 2064 919 317

1700 931 1826 968 Batone,
1854 931 2001 974 Iosephus
2030 932 2084 963 125

1700 975 1830 1012 Barreto,
1855 975 2032 1008 Franciscus
2056 977 2116 1007 312

1701 1020 1880 1057 Barrientos,
1905 1020 2052 1052 Ginesius
2074 1020 2113 1052 de
2138 1022 2192 1052 391

1700 1065 1805 1096 Barros
1832 1065 1871 1096 de
1898 1064 2036 1103 Alarcao,
2065 1065 2213 1108 Iosephus
2240 1065 2278 1097 de
2307 1066 2366 1097 348

1701 1109 1843 1151 Barsony.
1866 1109 2018 1152 Georgius
2040 1110 2078 1141 73

1700 1152 1894 1196 Barthelemy
1925 1153 1965 1185 de
1997 1153 2177 1191 Grammon,
2211 1154 2388 1186 Franciscus

1741 1197 1779 1229 de
1805 1198 1863 1228 306

1701 1241 1895 1284 Barthelemy
1941 1241 1980 1273 de
2027 1241 2208 1279 Grammon,
2258 1242 2388 1275 Ioannes

1742 1285 1892 1317 Matthias
1921 1287 1977 1317 194

1701 1329 1821 1367 Bartoli,
1849 1330 2034 1362 Benedictus
2064 1331 2128 1368 116,
2155 1331 2215 1362 236

1701 1374 1821 1417 Barugi,
1845 1374 1952 1406 Petrus
1976 1374 2014 1405 86

1700 1418 1818 1455 Baschi,
1844 1419 2009 1450 Rainutius
2034 1418 2092 1450 353

1701 1463 1833 1505 Bassery,
1859 1462 2036 1495 Guilelmus
2065 1463 2129 1500 128,
2161 1464 2212 1494 131

1701 1507 1791 1544 Bassi,
1815 1506 2025 1539 Columbinus
2050 1507 2109 1538 316

1701 1551 1792 1588 Bassi,
1816 1551 1946 1582 Ioannes
1969 1551 2054 1594 Bapt.
2080 1551 2116 1582 83

1701 1595 1822 1627 Bastero
1843 1607 1862 1638 y
1883 1595 1988 1633 Lledo,
2010 1595 2166 1627 Balthasar
2186 1595 2225 1627 de
2246 1597 2305 1627 209

1701 1639 1839 1677 Bataller,
1866 1639 2043 1671 Franciscus
2069 1640 2128 1671 397

1701 1684 1786 1715 Batta
1808 1683 1874 1721 lini,
1902 1683 2028 1716 Marcus
2059 1685 2124 1721 134,
2152 1685 2211 1715 293

1700 1728 1830 1765 Batteli,
1858 1728 1989 1760 Ioannes
2015 1728 2255 1771 Christophorus
2283 1729 2322 1759 80

1701 1772 1853 1810 Battiloro,
1879 1773 1987 1804 Petrus
2010 1772 2177 1804 Abundius
2200 1773 2258 1804 215

1700 1816 1869 1854 Battistelli,
1895 1817 2037 1860 Iosaphat
2061 1818 2130 1854 206,
2156 1818 2214 1848 334

1700 1863 2007 1906 Baudry-Piencourt,
2038 1863 2216 1895 Franciscus
2246 1863 2386 1895 Placidus

1740 1908 1778 1939 de
1800 1908 1859 1938 268

1701 1953 1885 1990 Bavestrelli,
1912 1953 2075 1997 Philippus
2105 1954 2169 1991 158,
2197 1954 2256 1985 360

1701 1998 1828 2040 Bayern,
1851 1997 1995 2030 Albertus
2054 1997 2270 2041 Sigismundus
2326 2010 2386 2030 von

1700 2089 1827 2131 Bayern,
1850 2087 1997 2120 Clemens
2030 2087 2189 2131 Augustus
2222 2100 2282 2120 von
2319 2089 2383 2125 164,

1741 2134 1810 2170 221,
1832 2133 1900 2169 272,
1923 2133 1991 2170 299,
2015 2133 2083 2170 303,
2106 2133 2164 2164 328

1700 2179 1827 2221 Bayern,
1851 2178 1982 2210 Ioannes
2012 2178 2195 2210 Theodorus
2225 2191 2283 2210 von
2316 2178 2386 2216 205,

1701 2269 1828 2312 Bayern,
1852 2268 2000 2312 Iosephus
2037 2267 2184 2300 Clemens
2219 2280 2279 2299 von
2322 2268 2386 2304 164,

1742 2314 1811 2350 205,
1835 2315 1905 2350 221,
1928 2314 1997 2350 242,
2022 2313 2080 2343 328

1702 2359 1828 2402 Bayern,
1851 2358 2015 2401 Philippus
2044 2358 2212 2390 Mauritius
2239 2369 2299 2389 von
2329 2357 2387 2388 328

1702 2404 1805 2445 Bayot,
1830 2402 1968 2434 Michael
1992 2403 2048 2433 291

1702 2450 1812 2487 Bazan,
1837 2448 2050 2480 Ferdinandus
2074 2448 2112 2480 de
2138 2448 2196 2479 306

1702 2496 1802 2527 Bazan
1835 2495 1873 2526 de
1906 2493 2114 2532 Flamanville,
2149 2494 2279 2525 Ioannes
2312 2494 2386 2524 Her-

1743 2551 1835 2571 vaeus
1864 2540 1919 2570 194

1684 2586 1795 2617 'Bazin
1822 2585 1861 2617 de
1888 2585 2013 2622 Bezons,
2040 2584 2215 2616 Armandus
2242 2585 2290 2621 70,
2322 2584 2386 2621 130,

1703 2630 1878 2713 Βεῗὶῗηὸοηῑε,
1907 2674 2078 2706 Bernardus
2104 2674 2205 2705 Maria
2236 2675 2300 2711 110,
2328 2674 2386 2704 295

1703 2722 1906 2761 Beaumanoir
1921 2721 1960 2752 de
1977 2720 2137 2758 Lavardin,
2155 2720 2285 2751 Ioannes
2302 2720 2386 2762 Bapt.

1704 2766 1884 2848 Βεέῗιηῗέἓϊ,
1912 2811 1974 2842 Leo
1999 2810 2039 2842 de
2066 2811 2123 2841 343

1704 2857 1852 2900 Beaupoil
1885 2856 1924 2888 de
1958 2856 2046 2888 Saint
2078 2855 2213 2893 Aulaire,
2248 2855 2386 2887 Andreas

1745 2900 1857 2932 Daniel
1879 2901 1918 2932 de
1941 2901 1999 2931 396

1704 2947 1857 2984 Beauvau,
1880 2946 2028 2989 Aegidius
2056 2945 2095 2977 de
2124 2946 2183 2977 279

1703 2993 1856 3029 Beauvau,
1881 2992 2017 3024 Renatus
2047 2991 2223 3023 Franciscus
2251 2991 2290 3023 de
2322 2992 2387 3027 112,

1744 3037 1812 3075 280,
1840 3037 1907 3074 378,
1933 3036 1991 3067 383
