2522 3476
0 705 19 941 ewffiffigfaeaeffvaJ-wmsfa
0 680 2 693 μ
4 605 14 615 ι

0 979 14 1012 τῖ’),
0 940 18 977 ''2³'-

1027 192 1110 236 Sigla
1132 201 1163 224 et
1184 192 1426 225 abbreviationes
2330 196 2372 228 IX

84 326 116 351 tt.
139 332 176 347 =
197 316 306 350 titulus

83 366 127 397 tit.
153 377 189 393 =
212 362 343 395 titularis

82 409 151 443 ultr.
177 423 214 438 =
237 407 485 441 ultramontanus

82 458 166 488 univ.
190 469 227 483 z
251 456 432 487 universitas
529 452 531 454 ’

82 509 139 534 utr.
161 503 237 544 sign.
260 499 315 532 ref.
339 514 376 529 =
398 502 560 543 utriusque
582 499 764 543 Signaturae
786 499 1011 533 referendarius

81 558 143 580 vac.
167 560 204 576 =
226 554 321 584 vacat,
343 558 455 578 vacans

81 592 163 626 valor
183 604 255 624 ann.
278 591 315 623 fr.
338 603 434 624 mens.
456 591 552 635 epalis
575 606 612 620 z
634 591 718 624 valor
739 604 864 624 annuus
885 591 1013 625 actualis
1033 591 1195 625 fructuum

161 649 285 670 mensae
303 636 483 681 episcopalis

1256 316 1324 348 Vat.
1347 316 1411 348 Lat.
1435 331 1471 346 z
1494 317 1589 349 codex
1609 317 1778 350 Vaticanus
1799 318 1927 350 Latinus
1949 317 2156 350 Bibliothecae
2177 318 2369 361 Apostolicae

1338 362 1507 395 Vaticanae

1256 411 1312 440 vic.
1338 422 1374 437 z
1396 411 1527 441 vicarius

1255 454 1448 486 vicecancell.
1473 469 1509 483 z
1531 455 1798 487 vicecancellarius

1255 500 1380 543 viceleg.
1407 515 1442 529 z
1466 500 1651 544 vicelegatus

1255 548 1332 578 visit.
1358 560 1394 574 Ξ
1416 549 1551 578 visitator

1255 591 1313 623 vol.
1341 606 1377 620 z
1402 591 1549 624 volumen

504 763 551 810 2)
584 763 928 802 Abbreviationes
957 764 1258 803 nonnullorum
1287 765 1551 804 decretorum
1585 767 1942 805 Consistorialium

40 883 43 885 -
78 872 103 892 c.
125 860 245 893 deon...
268 863 340 904 erig.
366 860 426 898 (vel
449 860 557 899 instit.)
580 869 675 893 mont.
700 864 772 905 piet.
798 876 834 890 z
859 874 932 894 cum
954 862 1085 901 decreto,
1109 862 1193 906 quod
1221 863 1223 868 ’

159 904 198 937 ad
237 907 436 948 raescriptum
453 905 589 937 Concilii
607 905 785 938 Tridentini
803 915 942 938 montem
960 910 1081 950 pietatis
1099 910 1194 951 erigat

161 917 236 987 (vef'
254 949 416 988 instituat).

77 1006 103 1027 c.
125 994 244 1028 decr.
274 998 346 1039 erig.
378 995 439 1033 (vel
468 995 576 1034 instit.)
606 1007 678 1028 sem.
711 1010 748 1025 -:
778 1008 851 1029 cum
879 996 1010 1035 decreto,
1041 997 1126 1041 quod
1155 997 1193 1030 ad

159 1042 380 1083 praescriptum
408 1039 543 1072 Concilii
572 1040 751 1073 Tridentini
780 1043 980 1074 seminarium
1008 1044 1103 1085 erigat
1133 1042 1193 1080 (vel

159 1084 320 1122 instituat).

77 1141 102 1162 c.
124 1129 243 1162 decr....
269 1132 340 1173 erig.
367 1129 428 1168 (vel
452 1130 560 1168 instit.)
586 1130 678 1163 theol.
704 1139 735 1163 et
758 1134 873 1174 poenit.
901 1146 938 1161 z
964 1144 1036 1164 curn
1061 1132 1192 1171 decreto,

158 1173 243 1218 quod
260 1174 299 1206 ad
316 1177 537 1218 praescriptum
554 1174 689 1207 Concilii
707 1175 885 1208 Tridentini
903 1176 1093 1219 praebendas
1111 1177 1193 1209 theo-

158 1218 290 1264 logalem
311 1228 343 1252 et
364 1220 618 1264 poenitentialem
639 1224 735 1265 erigat
758 1221 819 1260 (vel
842 1222 1003 1261 instituat).

75 1277 101 1298 c.
123 1265 242 1298 decr....
264 1268 348 1298 instr.
371 1266 528 1310 supellect.
553 1281 589 1296 =
612 1279 685 1300 cum
706 1267 837 1306 decreto,
859 1268 945 1312 quod
965 1271 1129 1301 sacrarium
1151 1281 1193 1301 sa-

158 1321 208 1342 cra
228 1310 411 1354 supellectili
433 1310 619 1343 sufficienter
641 1314 779 1344 instruat.

76 1367 101 1388 c.
124 1355 243 1388 decr....
267 1355 335 1388 loeo
358 1368 485 1389 success.
512 1371 548 1386 =
573 1369 645 1390 cum
669 1357 800 1396 decreto,
824 1358 909 1402 quod
932 1359 1014 1391 facto
1038 1359 1105 1392 loco
1128 1371 1191 1392 suc-

157 1402 286 1433 cessioni
302 1400 384 1433 dicta
399 1401 526 1434 ecclesia
544 1401 618 1440 (scil.
637 1402 764 1435 ecclesia
781 1402 922 1441 titularis)
940 1405 1006 1447 ipso
1022 1406 1089 1436 iure
1105 1412 1193 1436 vacet

158 1452 189 1476 et
209 1456 316 1477 vacare
337 1454 506 1478 censeatur.
785 1478 787 1481 .

75 1501 100 1522 c.
123 1489 242 1523 decr....
265 1490 343 1534 prof.
368 1491 440 1523 fidei
464 1491 548 1530 (ante
570 1493 667 1531 cons.)
692 1507 728 1522 :z
752 1505 825 1526 cum
848 1493 979 1532 decreto,
1002 1494 1087 1538 quod
1110 1503 1192 1526 ante-

157 1546 252 1578 quam
275 1538 496 1578 possessionem
520 1536 619 1569 dictae
643 1537 788 1570 ecclesiae
812 1537 997 1581 adipiscatur
1022 1538 1083 1576 (vel
1107 1539 1191 1582 quod

157 1587 229 1611 ante
256 1580 539 1619 consecrationem),
568 1589 709 1614 teneatur
736 1581 958 1625 professionem
986 1583 1058 1615 fidei
1086 1583 1192 1616 denuo

157 1625 304 1662 emittere,
326 1632 357 1656 et
378 1626 621 1658 instrumentum
642 1625 725 1658 illius
746 1629 979 1670 quamprimum
1001 1627 1039 1659 ad
1062 1628 1191 1660 Curiam

157 1668 330 1701 Romanam
351 1673 563 1703 transmittere.
794 1708 797 1710 Α

75 1727 100 1748 c.
123 1715 241 1749 decr....
268 1715 346 1760 prof.
372 1716 445 1748 fidei
471 1724 501 1748 et
525 1718 633 1748 iuram.
660 1716 742 1748 fidel.
771 1731 807 1745 z
834 1725 869 1749 ut
894 1729 985 1760 supra
1011 1717 1063 1750 sed
1088 1718 1184 1761 legas:

156 1761 378 1805 professionem
399 1761 472 1794 fidei
494 1770 525 1794 et
546 1764 756 1794 iuramentum
778 1762 941 1795 fidelitatis.

74 1819 99 1840 c.
122 1807 241 1840 decr.
270 1819 366 1851 repar.
398 1807 459 1846 (vel
487 1816 608 1846 constr„
637 1808 777 1852 perfect.)
806 1809 940 1841 cathedr.
973 1824 1009 1838 z
1039 1821 1113 1842 cum
1141 1810 1191 1842 de-

155 1861 246 1892 creto,
267 1853 352 1897 quod
372 1853 517 1886 ecclesiae
538 1853 720 1886 cathedralis
741 1857 924 1898 reparationi
948 1855 1189 1894 (constructioni,

155 1900 350 1944 perfectioni)
375 1913 430 1944 pro
454 1900 570 1933 viribus
594 1900 762 1933 incumbat.

74 1958 99 1979 c.
121 1945 241 1980 decr....
271 1958 366 1990 repar.
398 1946 459 1985 (vel
489 1955 610 1985 constr.,
640 1946 780 1991 perfect.)
810 1947 891 1980 dom.
922 1947 1018 1991 epalis
1050 1962 1086 1976 z
1118 1960 1190 1980 cum

155 1990 286 2029 decreto,
307 1991 391 2035 quod
411 1991 522 2024 domus
542 1991 722 2035 episcopalis
742 1994 925 2035 reparationi
947 1992 1189 2030 (constructioni,

155 2036 350 2081 perfectioni)
375 2049 430 2081 pro
454 2036 570 2070 viribus
593 2036 762 2070 incumbat.

74 2094 99 2115 c.
122 2082 240 2116 decr-...
268 2095 331 2115 vac.
359 2095 442 2115 mon.
471 2083 551 2115 NN.
581 2083 641 2121 (vel
667 2084 773 2116 can.²¹'¹
800 2083 849 2116 vel
875 2086 979 2116 omnia
1006 2083 1123 2122 benef.)
1152 2098 1188 2113 z

155 2140 228 2161 cum
253 2128 385 2167 decreto,
412 2129 497 2172 quod
523 2141 577 2173 per
603 2129 783 2162 huiusmodi
809 2132 1015 2173 provisionem
1042 2138 1191 2162 monaste-

155 2177 237 2207 rium
261 2175 341 2207 NN.
368 2175 428 2213 (vel
452 2178 651 2208 canonicatus
675 2175 724 2208 vel
748 2178 852 2208 omnia
876 2175 1039 2214 beneficia)
1063 2188 1100 2208 eo
1124 2179 1190 2219 ipso

155 2221 301 2259 vace(n)t,
324 2229 356 2253 et
377 2233 484 2254 vacare
506 2221 725 2260 censea(n)tur.

74 2277 99 2298 c.
121 2266 238 2311 disp.
256 2275 313 2299 aet.
334 2281 370 2296 =
389 2279 462 2299 cum
478 2267 708 2311 dispensatione
725 2279 816 2311 super
833 2279 879 2306 eo,
898 2267 983 2311 quod
1001 2268 1039 2300 ad
1059 2276 1189 2300 aetatem

155 2316 336 2346 canonicam
359 2313 434 2352 (scil.
461 2315 500 2346 30
523 2326 676 2347 annorum
699 2315 935 2359 completorum)
959 2315 1102 2349 nondum
1125 2327 1189 2359 per-

155 2362 282 2392 venerit.

74 2416 98 2437 c.
121 2404 237 2449 disp...
262 2405 373 2450 gradus
398 2421 434 2435 z
459 2418 532 2439 cum
555 2406 784 2451 dispensatione
807 2419 899 2452 super
922 2420 967 2446 eo,
992 2408 1076 2452 quod
1101 2407 1189 2441 nullo

155 2453 252 2497 gradu
273 2453 447 2486 doctoratus
467 2453 589 2497 polleat.

1253 875 1278 894 c.
1301 863 1418 906 disp.
1440 875 1461 895 s.
1483 862 1546 895 ord.
1570 863 1631 901 (vel
1651 863 1754 907 pbr.‘'¹'
1776 863 1853 902 ord.)
1876 878 1912 892 z
1934 875 2005 896 cum
2028 864 2255 908 dispensatione
2276 876 2367 908 super

1336 919 1382 946 eo,
1405 907 1490 951 quod
1512 919 1576 939 non
1599 910 1637 940 sit
1659 911 1691 939 in
1715 911 1804 940 sacris
1826 908 1986 941 ordinibus
2010 909 2055 946 (in
2078 921 2161 940 sacro
2184 908 2367 952 presbytera-

1336 960 1385 984 tus
1407 952 1526 992 ordine)
1550 960 1622 984 ante
1644 963 1695 984 sex
1718 964 1838 984 menses
1860 955 2052 985 constitutus.

1253 1009 1278 1029 c.
1302 997 1405 1030 ind....
1434 1010 1515 1030 cons.
1544 1010 1591 1041 ep.
1619 1006 1650 1029 et
1676 1000 1696 1029 2
1722 998 1806 1041 dign.
1836 998 1896 1035 (vel
1924 1001 1943 1029 2
1970 998 2049 1036 abb.,
2077 1001 2096 1030 2
2122 998 2201 1042 pbr.)
2230 1013 2266 1028 z
2295 1011 2367 1031 cum

1335 1042 1457 1074 indulto
1472 1042 1660 1085 suscipiendi
1675 1046 1934 1074 consecrationem
1950 1042 1988 1074 ab
2003 1046 2096 1075 unico
2112 1046 2246 1075 antistite
2261 1055 2366 1075 earum

1334 1089 1506 1130 regionum,
1535 1086 1745 1119 assistentibus
1773 1086 1895 1119 duobus
1924 1087 2107 1130 dignitatem
2134 1087 2367 1119 ecclesiasticam

1334 1131 1547 1163 obtinentibus
1574 1131 1634 1169 (vel
1661 1131 1870 1163 assistentibus
1895 1131 2017 1164 duobus
2043 1131 2213 1170 abbatibus,
2239 1132 2287 1164 vel
2313 1132 2367 1164 du-

1335 1175 1412 1207 obus
1434 1175 1637 1219 presbyteris).

1252 1233 1276 1252 c.
1301 1221 1364 1253 ind.
1424 1233 1489 1253 non
1507 1221 1595 1253 resid.
1618 1236 1653 1250 z
1674 1233 1746 1253 cum
1765 1221 1897 1260 indulto,
1916 1222 2000 1265 quod
2020 1222 2058 1254 ad
2077 1222 2190 1254 dictam
2208 1222 2366 1254 ecclesiam

1336 1265 1411 1303 (scil.
1443 1265 1602 1298 ecclesiam
1632 1266 1798 1304 titularem)
1829 1266 1928 1298 donec
1958 1266 1997 1298 ab
2026 1266 2205 1299 infidelibus
2234 1267 2364 1299 detinea-

1335 1318 1393 1348 tur,
1420 1310 1563 1342 accedere
1588 1318 1618 1342 et
1643 1310 1726 1354 apud
1751 1310 1836 1342 illam
1861 1310 2059 1354 personaliter
2083 1310 2214 1343 residere
2238 1314 2366 1343 minime

1336 1362 1484 1387 teneatur.

1252 1412 1276 1431 c.
1300 1400 1363 1432 ind.
1428 1400 1538 1444 pontif.
1564 1403 1597 1432 in
1621 1401 1700 1433 NN.
1727 1415 1763 1429 z
1787 1413 1859 1433 cum
1882 1400 2004 1433 indulto
2026 1401 2187 1433 exercendi
2210 1401 2366 1445 pontifica-

1333 1444 1373 1476 lia
1389 1444 1429 1477 de
1445 1444 1569 1477 licentia
1585 1448 1729 1488 episcopi,
1747 1445 1808 1477 scil.
1827 1445 1981 1484 ordinarii,
1999 1448 2032 1477 in
2050 1448 2171 1478 civitate
2188 1454 2218 1478 et
2234 1445 2364 1478 dioecesi

1250 1547 1274 1566 c.
1298 1546 1405 1567 reserv.
1434 1547 1519 1579 pens.
1549 1535 1629 1568 NN.
1659 1548 1713 1579 pro
1741 1547 1817 1579 pers.
1846 1536 2036 1568 nominanda
2065 1536 2125 1574 (vel
2154 1535 2363 1573 nominandis)

1335 1594 1371 1608 z
1399 1591 1471 1612 cum
1497 1583 1700 1612 reservatione
1726 1583 1883 1623 pensionis
1909 1592 1962 1613 seu
1989 1583 2176 1624 pensionum
2202 1580 2282 1613 NN.
2309 1592 2364 1624 pro

1333 1636 1462 1667 persona
1486 1624 1677 1656 nominanda
1702 1637 1756 1657 seu
1781 1627 1917 1668 personis
1942 1625 2148 1657 nominandis.

1250 1671 1355 1714 deput.
1378 1670 1473 1703 coadi.
1495 1670 1569 1702 c.f.s.
1593 1670 1672 1702 NN.
1697 1684 1733 1699 z
1756 1670 1922 1713 deputatur
1942 1672 1974 1701 in
1996 1669 2204 1702 coadiutorem
2225 1681 2297 1701 cum
2317 1669 2365 1701 fu-

1334 1724 1400 1747 tura
1427 1717 1617 1747 successione
1643 1717 1786 1757 episcopo
1813 1714 1893 1746 NN.
1922 1716 1987 1746 seni
2014 1722 2044 1745 et
2069 1713 2302 1752 valetudinario,
2330 1725 2364 1745 ac

1333 1762 1463 1803 ipsomet
1483 1762 1627 1802 episcopo
1646 1767 1780 1802 petente.

1250 1806 1355 1849 deput.
1380 1804 1503 1848 suffrag.
1528 1805 1607 1837 NN.
1632 1804 1670 1837 ad
1693 1804 1804 1848 pontif.
1830 1819 1866 1833 z
1890 1804 2055 1847 deputatur
2078 1807 2110 1836 in
2133 1803 2363 1847 suffraganeum

1333 1851 1394 1883 scil.
1425 1850 1604 1883 auxiliarem
1631 1853 1775 1894 episcopo
1804 1850 1884 1882 NN.
1914 1850 1952 1883 ad
1980 1850 2149 1882 exercenda
2177 1849 2363 1893 pontificalia

1332 1895 1371 1928 de
1396 1895 1520 1927 licentia
1545 1894 1684 1927 eiusdem
1709 1897 1843 1938 episcopi
1869 1897 1901 1926 in
1926 1897 2047 1926 civitate
2072 1902 2103 1926 et
2126 1894 2256 1926 dioecesi
2282 1906 2363 1937 prae-

1333 1940 1406 1972 dicti
1427 1942 1571 1983 episcopi.

1250 1988 1461 2029 iniungitur...
1484 1994 1598 2017 extens.
1622 1985 1752 2029 regaliae
1775 1999 1811 2014 =
1834 1987 2016 2028 iniungitur,
2039 1984 2123 2028 quod
2144 1996 2260 2016 mernor
2281 1996 2364 2016 sanc-

1332 2035 1423 2064 tionis
1448 2031 1653 2064 Oecumenici
1678 2031 1812 2064 Concilii
1839 2031 2057 2074 Lugdunensis
2082 2043 2113 2063 se
2139 2030 2290 2062 abstinere
2314 2030 2364 2062 de-

1332 2078 1403 2110 beat
1422 2090 1439 2110 a
1459 2089 1659 2121 quocumque
1679 2086 1758 2115 actu,
1779 2089 1817 2109 ex
1837 2089 1900 2120 quo
1920 2079 2010 2108 tacite
2029 2076 2077 2109 vel
2098 2088 2237 2120 expresse
2256 2076 2361 2108 inferri

1332 2126 1426 2167 possit
1449 2123 1627 2167 approbatio
1650 2126 1836 2155 extensionis
1860 2122 2027 2166 regaliae.¹)

1250 2182 1314 2202 non
1338 2170 1481 2202 exced....
1508 2171 1558 2201 3²³¹
1584 2169 1644 2208 (vel
1670 2169 1734 2207 4²²²)
1759 2169 1795 2201 fr.
1823 2183 1859 2198 z
1885 2177 1920 2201 ut
1943 2181 2050 2201 omnes
2074 2171 2246 2212 pensiones,
2271 2171 2363 2200 etiam

1332 2218 1487 2259 antiquae,
1508 2215 1634 2248 insimul
1654 2228 1718 2247 non
1738 2215 1888 2247 excedant
1908 2218 2027 2247 tertiam
2047 2214 2107 2253 (vel
2128 2214 2279 2258 quartam)
2299 2226 2363 2255 par-

1333 2270 1395 2294 tem
1415 2261 1585 2294 fructuum.

1261 2424 1347 2489 AC}
1362 2423 1496 2493 ΑέΙοςιὶῑὶο
1516 2423 1580 2450 S.‘¹⁵
1602 2424 1628 2450 S.
1649 2434 1727 2459 super
1746 2426 1894 2458 provisione
1912 2422 2033 2450 eccl.¹‘¹¹¹²¹
2054 2422 2157 2450 Galliae
2177 2424 2192 2449 9
2214 2423 2268 2449 Ian.
2293 2423 2361 2449 1692

1250 2465 1258 2494 (
1350 2464 1366 2488 4
1400 2482 1405 2488 .
1430 2462 1450 2488 l‘
1466 2482 1471 2487 .

378 2584 423 2630 3)
457 2583 566 2630 Sigla
592 2594 634 2622 et
661 2583 990 2621 abbreviationes
1018 2582 1203 2620 fontium
1230 2584 1272 2618 in
1300 2581 1527 2619 Tabulario
1560 2583 1762 2618 Vaticano
1792 2581 2059 2617 existentium

75 2679 132 2712 AC
154 2694 190 2709 Ξ
211 2680 288 2713 Acta
309 2681 478 2714 Camerarii
500 2681 582 2713 Sacri
605 2681 738 2724 Collegii
761 2680 867 2713 S.R.E.
890 2679 1106 2712 Cardinalium

74 2725 110 2757 A.
132 2726 226 2758 Cons.
251 2741 287 2756 z
309 2727 385 2759 Acta
407 2727 437 2759 S.
461 2728 717 2771 Congregationis
738 2726 965 2759 Consistorialis

75 2771 142 2804 AM
166 2786 202 2801 =
225 2772 301 2805 Acta
325 2773 528 2805 Miscellanea

74 2817 165 2850 Arch.
189 2819 277 2850 Caer.
302 2833 338 2848 z
361 2819 532 2852 Archivum
555 2819 583 2851 S.
607 2820 864 2862 Congregationis
886 2817 1127 2851 Caeremonialis

74 2863 165 2896 Arch.
194 2864 301 2897 Nunz.
331 2865 470 2897 Lucerna
500 2880 535 2893 Ξ
565 2865 711 2897 Archivio
737 2864 818 2897 della
846 2864 1043 2897 Nunziatura
1070 2863 1102 2896 di
1131 2864 1187 2896 Lu-

155 2920 247 2941 cerna

75 2954 112 2986 C.
135 2955 229 2987 Cons.
256 2969 292 2984 Ξ
316 2956 580 2999 Congregationes
602 2954 835 2987 Consistoriales

76 3000 168 3033 Cons.
194 3000 223 3033 S.
250 3015 286 3030 =
311 3002 501 3034 Consistoria
524 3001 645 3034 Secreta

76 3045 131 3090 Ep.
153 3046 191 3079 ad
213 3047 313 3079 Princ.
338 3061 374 3076 Ξ
398 3047 556 3091 Epistulae
579 3047 617 3080 ad
639 3048 797 3090 Principes

1249 2678 1304 2721 Ep.
1331 2679 1405 2721 Reg.
1433 2692 1468 2706 z
1496 2677 1652 2720 Epistulae
1678 2678 1791 2719 Regiae

1250 2724 1339 2755 Misc.
1367 2724 1450 2755 Arm.
1480 2738 1516 2752 z
1544 2722 1817 2754 Miscellaneorum
1842 2722 2017 2753 Armarium

1250 2769 1422 2801 Particolari
1452 2784 1487 2797 z
1517 2769 1635 2800 Lettere
1661 2768 1692 2800 di
1718 2767 1891 2799 Particolari

1249 2816 1281 2847 P.
1307 2816 1401 2847 Cons.
1429 2829 1464 2843 z
1490 2815 1650 2846 Processus
1674 2814 1894 2857 Episcoporum
1919 2813 1948 2844 S.
1974 2813 2230 2855 Congregationis
2253 2812 2360 2844 Consi-

1331 2861 1458 2893 storialis

1249 2908 1281 2939 P.
1305 2907 1374 2939 Dat.
1400 2921 1435 2935 z
1458 2907 1618 2938 Processus
1640 2906 1859 2949 Episcoporum
1883 2905 2025 2936 Datariae
2046 2903 2238 2947 Apostolicae

1214 2978 1217 2996 Ι
1250 2953 1279 2985 S.
1306 2954 1352 2984 Br.
1380 2967 1415 2981 z
1442 2952 1606 2984 Secretaria
1631 2952 1774 2983 Brevium
1799 2950 2045 2994 Apostolicorum

1249 3000 1377 3030 Vescovi
1402 3013 1437 3027 z
1461 2998 1580 3029 Lettere
1601 2997 1632 3029 di
1653 2997 1782 3029 Vescovi
1804 3009 1821 3028 e
1842 2996 1952 3028 Prelati

1249 3045 1381 3082 Vienna,
1405 3044 1488 3075 Proc.
1515 3058 1550 3072 z
1575 3043 1767 3075 Nuntiatura
1789 3043 1940 3079 Viennae,
1964 3043 2130 3074 Processus.
