2522 3476
416 302 446 330 K

87 370 212 407 Kacich,
237 369 393 402 Antonius
418 369 478 401 384

87 414 182 452 Kada,
209 414 386 457 Stephanus
413 414 478 451 105,
505 413 563 445 385

87 458 166 495 Kall,
192 458 370 490 Franciscus
394 458 452 489 205

87 503 219 546 Kapaun
236 514 297 534 von
315 501 490 545 Swoykow,
508 501 699 534 Godefridus
717 502 777 533 332

87 547 230 585 Kaunitz,
255 546 433 578 Franciscus
456 545 587 578 Carolus
611 558 671 578 von
696 547 755 577 233

87 590 283 628 Kaznowski,
307 590 485 622 Franciscus
512 591 568 622 187

88 635 236 678 Kearney,
263 635 431 667 Moriartus
461 635 518 666 162

87 680 186 724 Kelly,
210 679 396 712 Edmundus
423 680 480 710 162

86 725 205 768 Keogh,
229 724 418 756 Thaddaeus
446 724 502 755 162

86 769 176 812 Kery‚
201 768 333 800 Ioannes
361 769 426 806 177,
453 768 521 806 358,
547 769 607 799 402

87 812 210 851 Kiszka,
234 813 296 844 Leo
319 813 378 844 233

87 857 187 895 Knab,
214 856 412 889 Sebastianus
437 856 493 887 281

87 901 207 934 Knebel
233 913 294 934 von
323 900 618 943 Katzenellnbogen,
647 900 777 932 Ioannes

81 954 85 956 ’
127 945 284 978 Antonius
310 945 365 976 198

87 992 281 1036 Knipschild,
306 993 500 1025 Winimarus
524 993 584 1024 277

87 1036 257 1075 Kobielski,
284 1037 463 1069 Franciscus
488 1036 645 1068 Antonius
672 1036 711 1067 89

87 1081 289 1119 Kollonitsch,
331 1081 505 1124 Leopoldus
546 1080 677 1113 Carolus
716 1092 777 1112 von

132 1125 198 1163 164,
223 1126 293 1163 226,
318 1125 388 1163 285,
412 1126 482 1162 290,
509 1125 567 1156 364

87 1168 289 1207 Kollonitsch,
310 1169 528 1212 Sigismundus
546 1181 607 1201 von
627 1170 696 1205 402,
717 1170 777 1199 414

87 1213 251 1251 Kolowrat,
282 1213 413 1245 Ioannes
442 1213 620 1245 Guilelmus
650 1214 708 1244 323

87 1258 168 1289 Koni
190 1269 271 1301 segg,
295 1257 473 1289 Franciscus
496 1258 592 1300 Hugo
614 1269 674 1289 von
697 1258 757 1288 246

88 1302 179 1334 Korie
191 1301 229 1334 sk
260 1301 406 1345 Ogir'iski,
440 1301 616 1334 Ludovicus
647 1301 778 1334 Carolus

127 1346 167 1378 de
192 1346 251 1378 359

88 1389 293 1428 Korlatovich,
320 1389 472 1422 Robertus
503 1391 559 1422 117

88 1434 242 1478 Korompa
265 1461 271 1473 ,
295 1435 404 1466 Petrus
427 1435 475 1472 73,
499 1436 569 1472 290,
592 1436 653 1466 402

88 1479 237 1522 Korycir'ls
265 1481 282 1516 ',
309 1478 454 1511 Albertus
479 1480 540 1510 242

88 1522 285 1561 Koschinski,
309 1522 513 1555 VVenceslaus
537 1523 715 1555 Franciscus
739 1523 776 1555 C.

88 1614 253 1652 Kotowicz,
274 1614 450 1647 Alexander
471 1615 539 1652 359,
560 1615 620 1646 416

88 1658 253 1697 Kotowicz,
273 1658 457 1691 Eustachius
475 1658 645 1691 Stanislaus
662 1659 699 1691 C.
720 1659 779 1689 359

89 1702 315 1741 Kraszkowski,
341 1703 520 1735 Franciscus
545 1703 694 1746 Iosephus
723 1703 779 1734 182

89 1748 296 1787 Kretkowski,
324 1748 409 1780 Felix
439 1748 495 1780 178

89 1793 231 1826 Kreutter
251 1793 290 1825 de
311 1793 464 1829 Corvinis,
487 1792 671 1824 Laurentius
691 1793 752 1822 412

88 1837 249 1881 Kryszpin,
289 1837 420 1869 Ioannes
460 1837 671 1878 Hieronymus
710 1836 779 1873 341,

90 1883 191 2002 Κιζεέῐξ
215 1938 276 1958 von
310 1926 403 1963 Auer,
438 1925 569 1957 Ioannes
602 1924 780 1956 Franciscus

90 2014 271 2090 Κϋὸειῖξδυῐὲ,
294 2013 425 2046 Carolus
450 2013 599 2057 Iosephus
624 2025 684 2045 von
714 2013 779 2051 157,

89 2102 271 2146 Kiienburg,
294 2102 509 2134 Ferdinandus
534 2114 595 2134 von
622 2102 692 2139 233,
721 2102 779 2133 323

89 2146 270 2190 Kiienburg,
295 2147 425 2178 Ioannes
464 2146 682 2189 Sigismundus
719 2158 779 2178 von

89 2191 287 2278 Kiile511715u3g3?
302 2234 538 2267 Maximilianus
568 2234 780 2278 Gandulphus

90 2280 276 2366 Kfivglhussgt?
301 2323 486 2366 polycarpus
514 2336 574 2355 von
604 2324 663 2355 216

90 2367 239 2405 Kunicki‚
264 2367 402 2399 Michael
427 2369 467 2399 99

90 2413 217 2456 Kflnigl,
242 2413 361 2456 Gaspar
387 2413 524 2456 Ignatius
549 2425 609 2445 von
640 2414 695 2445 127

90 2458 359 2496 Kurdwanowski,
378 2459 509 2491 Ioannes
526 2459 704 2491 Franciscus
721 2459 781 2491 257

437 2555 460 2583 L

91 2621 259 2659 Labanchi,
282 2622 412 2653 loannes
434 2622 519 2665 Bapt.
541 2623 602 2653 400

91 2667 134 2699 La
157 2668 274 2699 Baume
298 2668 339 2699 Le
363 2667 466 2705 Blanc,
490 2667 638 2710 Aegidius
659 2668 698 2700 de
721 2668 781 2699 279

92 2713 134 2745 123
158 2713 274 2745 Baume
297 2713 335 2745 de
369 2713 459 2750 Suze,
493 2713 585 2745 Anna
619 2713 781 2745 Tristanus

132 2757 171 2789 de
198 2757 263 2795 108,
289 2757 347 2788 368

92 2803 183 2841 Labe,
209 2803 353 2835 Marinus
381 2803 446 2840 129,
472 2802 531 2833 382

92 2848 195 2886 Labia,
218 2848 349 2881 Carolus
372 2849 411 2879 69

92 2894 238 2932 Labonia,
267 2894 415 2937 Iosephus
441 2894 501 2926 274

93 2941 135 2972 La
159 2940 289 2978 Bourde,
313 2940 389 2971 Otto
411 2939 450 2972 de
472 2940 532 2971 216

92 2986 392 3063 LadBoilggonnaye,
435 2985 566 3017 Ioannes
607 2984 782 3017 Ludovicus

153 3043 170 3062 e

1106 173 1275 218 Appendix
1305 173 1348 206 IV

891 297 932 329 La
956 298 1064 336 Broue,
1090 298 1198 330 Petrus
1221 298 1262 330 de
1285 299 1342 330 271

891 342 933 373 La
956 342 1135 374 Brunetiere
1172 342 1215 374 du
1253 342 1362 374 Plessis
1398 342 1437 374 de
1475 342 1578 380 Ceste,

931 386 1108 418 Guilelmus
1130 386 1169 418 de
1192 387 1250 418 343

891 430 933 462 La
955 430 1120 473 Cassagne,
1147 430 1304 463 Martinus
1327 430 1366 462 de
1391 431 1450 462 238

891 475 933 506 La
955 474 1095 512 Chastre,
1115 474 1268 507 Claudius
1288 475 1463 507 Ludovicus
1482 475 1520 507 de
1541 476 1579 507 72

891 519 933 550 La
955 519 1050 551 Croix
1079 519 1117 551 de
1147 519 1290 557 Castries,
1320 519 1497 551 Armandus
1526 519 1580 551 Pe-

932 572 994 595 trus
1018 563 1058 595 de
1083 563 1131 601 75,
1158 564 1215 595 395

891 607 933 638 La
966 607 1062 639 Croix
1093 607 1133 639 de
1167 607 1254 639 Saint
1286 607 1411 646 Vallier,
1446 607 1578 639 Ioannes

932 652 1018 694 Bapt.
1042 651 1081 683 de
1105 652 1163 683 326

890 698 1011 730 Ladron
1031 699 1070 731 de
1089 699 1242 737 Guevara,
1263 699 1401 731 Didacus
1420 699 1489 737 215,
1510 699 1579 737 305,

891 787 933 818 La
961 787 1044 825 Fare,
1073 787 1250 830 Stephanus
1278 788 1426 831 Iosephus
1453 788 1491 820 de
1520 788 1579 819 238

891 833 1020 870 Lafitau,
1043 833 1151 865 Petrus
1174 833 1352 865 Franciscus
1375 833 1434 864 359

891 877 933 908 123
953 877 1057 909 Garde
1077 877 1116 909 de
1136 876 1345 914 Chambonas,
1367 876 1497 909 Carolus
1518 876 1580 907 An-

932 924 1035 953 tonius
1056 921 1095 953 de
1118 922 1187 959 246,
1211 922 1271 953 417

892 965 998 1008 Laghi,
1022 965 1179 997 Antonius
1202 966 1263 997 247

891 1009 998 1052 Laghi,
1023 1010 1154 1041 Ioannes
1178 1010 1263 1052 Bapt.
1290 1010 1345 1041 361

893 1054 934 1085 La
957 1054 1074 1091 Lanne,
1099 1054 1160 1085 Leo
1181 1053 1220 1085 de
1242 1054 1291 1091 93,
1318 1055 1374 1084 112

892 1097 1072 1135 Lallemant,
1096 1097 1224 1130 Iacobus
1246 1097 1377 1130 Carolus
1399 1098 1435 1129 A.
1460 1098 1519 1129 338

891 1143 933 1174 123
956 1142 1117 1185 Margelle,
1140 1142 1331 1174 Godefridus
1354 1141 1520 1174 Udalricus
1542 1141 1581 1173 de

892 1233 934 1265 La
957 1233 1052 1272 Mars,
1079 1233 1217 1265 Michael
1242 1234 1282 1266 de
1307 1234 1366 1265 389

892 1277 1051 1321 Lamberg,
1075 1278 1252 1310 Franciscus
1274 1277 1417 1321 Aloysius
1438 1290 1498 1309 von
1521 1279 1582 1309 290

892 1322 1050 1398 Lapblgerg,
1075 1323 1206 1354 Ioannes
1225 1322 1442 1354 Guidobaldus
1463 1323 1498 1354 R.
1521 1334 1581 1354 von

893 1410 1051 1453 Lamberg,
1075 1411 1206 1442 Ioannes
1236 1410 1400 1454 Philippus
1429 1423 1490 1443 von
1522 1411 1580 1442 308

892 1454 1051 1498 Lamberg,
1075 1455 1224 1498 Iosephus
1280 1455 1465 1487 Dominicus
1519 1467 1581 1487 von

893 1499 1107 1617 [3Ξ1Ξὲῐῗ4ῗ16
1141 1543 1269 1586 Soyrier,
1303 1543 1478 1575 Alexander
1515 1544 1580 1581 104,

893 1630 1090 1668 Lambertini,
1114 1632 1242 1674 Prosper
1265 1632 1312 1669 83,
1337 1632 1394 1663 375

893 1675 1001 1706 Lamer
1028 1675 1067 1707 de
1097 1675 1217 1713 Matha,
1247 1676 1425 1708 Franciscus
1453 1676 1582 1719 Caspai·-

932 1719 991 1751 dus
1014 1719 1053 1751 de
1079 1721 1118 1751 70

894 1763 1064 1801 Lancaster,
1090 1764 1221 1796 Ioannes
1245 1764 1285 1796 de
1314 1765 1369 1796 167

894 1809 1137 1847 Lanckoror'iski,
1162 1810 1369 1852 Vespasianus
1398 1810 1453 1840 138

892 1853 1078 1897 Landsberg,
1099 1853 1277 1885 Franciscus
1297 1853 1480 1896 Ludolphus
1500 1853 1522 1885 Ι.
1543 1853 1582 1885 de

893 1944 1091 1983 Lanfranchi,
1119 1945 1250 1977 Ioannes
1277 1945 1362 1988 Bapt.
1395 1945 1450 1976 108

894 1989 1110 2027 Lanfranconi,
1135 1990 1243 2021 Petrus
1267 1989 1327 2020 228

894 2033 1038 2076 L’Angle,
1062 2034 1170 2065 Petrus
1191 2033 1230 2065 de
1257 2034 1312 2064 123

895 2078 1034 2120 Languet
1064 2077 1102 2109 de
1132 2078 1242 2120 Gercy,
1273 2077 1404 2109 Ioannes
1434 2077 1582 2120 Iosephus

894 2166 1056 2208 Langwert
1092 2178 1153 2198 von
1191 2165 1355 2203 Simmern,
1393 2165 1583 2198 Godefridus

935 2210 1065 2241 Ioannes
1090 2211 1159 2247 209,
1186 2210 1244 2241 328

894 2256 1037 2293 Lantieri,
1065 2255 1279 2288 Ferdinandus
1304 2256 1364 2287 296

894 2302 935 2333 123
962 2302 1065 2344 Poype
1090 2301 1129 2333 de
1154 2301 1306 2339 Vertrieu,
1334 2301 1464 2333 Ioannes
1489 2301 1583 2333 Clau-

936 2346 1006 2377 dius
1028 2345 1067 2377 de
1091 2347 1149 2377 314

895 2391 1082 2434 Lapsansky,
1108 2391 1286 2424 Franciscus
1314 2392 1370 2423 177

895 2437 979 2474 Lara,
1008 2437 1186 2469 Franciscus
1211 2437 1251 2469 de
1278 2437 1334 2468 301

895 2483 1071 2515 Lardizabal
1094 2495 1112 2526 y
1136 2482 1251 2521 Elorza,
1275 2482 1406 2514 Ioannes
1427 2482 1583 2514 Antonius

935 2527 974 2559 de
998 2527 1058 2558 382

896 2573 937 2604 La
961 2573 1211 2616 Roche-Aymon,
1253 2572 1384 2605 Carolus
1427 2572 1583 2604 Antonius

934 2617 973 2649 de
999 2618 1056 2648 345

895 2663 937 2694 La
960 2663 1210 2705 Roche-Aymon,
1236 2662 1390 2695 Claudius
1415 2662 1453 2695 de
1480 2663 1518 2694 87

895 2709 937 2740 La
961 2709 1070 2751 Roque
1094 2707 1213 2745 Prielle',
1237 2707 1355 2750 Gaspar
1378 2707 1417 2739 de
1445 2708 1501 2738 112

895 2755 1037 2792 Lascaris,
1060 2753 1191 2786 Carolus
1217 2753 1415 2796 Hyacinthus
1441 2753 1500 2783 362

896 2800 1029 2832 Lascaris
1050 2799 1171 2837 d'Urfe,
1198 2799 1373 2831 Ludovicus
1397 2798 1435 2830 de
1460 2800 1517 2829 241

895 2847 971 2878 Laso
995 2845 1034 2878 de
1057 2845 1085 2877 la
1109 2846 1204 2888 Vega,
1228 2845 1407 2877 Franciscus
1431 2845 1499 2882 316,
1526 2844 1583 2875 354

895 2892 971 2924 Laso
992 2891 1032 2924 de
1053 2891 1081 2923 la
1103 2892 1199 2934 Vega,
1222 2891 1379 2923 Henricus
1402 2891 1461 2922 372

895 2938 994 2970 Lastic
1015 2937 1054 2970 de
1077 2938 1165 2969 Saint
1185 2936 1240 2978 Jal,
1264 2936 1443 2969 Franciscus
1463 2936 1502 2968 de
1524 2937 1584 2966 400

895 2984 936 3016 La
954 2983 1041 3016 Tour
1056 2983 1253 3026 d’Auvergne
1269 2982 1308 3015 de
1326 2982 1479 3020 Bouillon‚
1498 2982 1583 3014 Hen-

935 3031 1015 3060 ricus
1036 3027 1191 3060 Osvaldus
1213 3027 1253 3059 de
1274 3027 1333 3058 415

2314 176 2374 208 447

1690 298 1733 329 La
1757 297 1844 330 Tour
1868 298 1911 330 du
1937 299 1994 330 Pin
2020 298 2059 330 de
2085 299 2292 337 Montauban,
2319 300 2376 332 Lu-

1730 342 1856 374 dovicus
1878 343 1986 374 Petrus
2007 343 2046 375 de
2070 343 2129 375 377

1690 386 1733 418 La
1754 386 1930 425 Tremoille,
1954 387 2102 430 Iosephus
2123 387 2161 419 de
2188 389 2252 426 111,
2279 389 2334 419 139

1691 430 1836 468 Laurens,
1859 431 1966 463 Petrus
1988 431 2027 463 de
2054 432 2109 462 116

1690 475 1871 512 Laurentiis,
1895 475 2026 507 Ioannes
2049 476 2151 507 Maria
2173 476 2212 508 de
2239 478 2294 507 140

1690 518 1791 555 Lauri,
1817 519 1984 562 Gregorius
2013 521 2078 557 101,
2105 521 2163 551 334

1690 562 1782 594 Laval
1802 562 1842 594 de
1861 563 2040 606 Montigny,
2062 563 2239 596 Franciscus
2258 564 2297 596 de
2319 565 2377 596 326

1692 606 2045 651 Laval-Montmorency,
2080 608 2210 640 Carolus
2244 608 2377 640 Francis-

1731 663 1785 683 cus
1806 651 1845 683 G.
1869 651 1908 683 de
1929 653 1990 683 420

1691 698 1732 729 La
1751 698 1874 741 Vergne
1892 699 2082 731 Montenard
2100 700 2139 732 de
2157 700 2299 738 Tressan,
2320 701 2374 732 Lu*

1731 742 1856 775 dovicus
1880 743 1919 775 de
1949 744 2013 781 154,
2039 745 2095 775 401

1691 786 1732 818 La
1759 787 1882 830 Vergne
1907 787 1946 819 de
1971 787 2112 826 Tressan,
2140 788 2314 821 Ludovicus
2339 789 2377 821 de

1691 874 1733 906 La
1751 874 1914 913 Vieuville,
1933 876 2040 908 Petrus
2058 876 2234 908 Guilelmus
2251 877 2289 909 de
2312 879 2376 915 112,

1691 965 1972 1003 L’Avocat-Billiad,
1998 967 2147 1000 Nicolaus
2176 969 2230 999 123

1691 1010 1733 1041 La
1763 1010 1852 1042 Voue
1879 1011 1918 1042 de
1946 1011 2136 1049 Tourouvre,
2167 1012 2297 1044 Ioannes
2325 1012 2378 1044 Ar-

1732 1054 1864 1086 mandus
1883 1055 1921 1086 de
1943 1056 2000 1086 338

1691 1098 1822 1140 Laynez,
1845 1099 2022 1131 Franciscus
2045 1100 2112 1137 361,
2137 1101 2195 1132 379

1692 1142 1803 1174 Lazaro
1828 1155 1847 1185 y
1872 1143 1990 1181 Terrer,
2017 1144 2124 1175 Petrus
2150 1145 2208 1176 397

1692 1186 1829 1224 Lazzara,
1854 1187 2002 1230 Iosephus
2025 1188 2063 1220 de
2088 1189 2126 1220 79

1692 1230 1762 1268 Lea,
1790 1231 1974 1263 Laurentius
2000 1232 2162 1275 Fergusius
2193 1233 2247 1264 183

1692 1276 1734 1307 Le
1760 1276 1822 1314 Bel,
1848 1277 2050 1309 Cherubinus
2076 1277 2250 1309 Ludovicus
2280 1279 2334 1308 119

1692 1321 1734 1351 Le
1759 1320 1862 1359 Blanc,
1887 1321 2000 1353 Caesar
2023 1322 2060 1352 65

1692 1365 1734 1396 Le
1757 1364 1861 1403 Blanc,
1885 1365 2053 1408 Dionysius
2077 1365 2252 1398 Alexander
2279 1366 2336 1397 345

1692 1409 1734 1440 Le
1758 1408 1861 1447 Blanc,
1886 1410 2084 1452 Hyacinthus
2107 1411 2167 1441 229

1692 1453 1734 1484 Le
1758 1453 1861 1491 Blanc,
1885 1453 2071 1486 Philibertus
2094 1455 2149 1485 391

1692 1498 1734 1528 Le
1757 1498 1883 1535 Camus,
1910 1498 2086 1541 Stephanus
2110 1500 2170 1529 212

1693 1542 1734 1573 Le
1757 1542 1878 1579 Comte,
1903 1542 2059 1574 Antonius
2084 1544 2144 1573 212

1692 1586 1822 1623 Ledrou,
1849 1586 1956 1618 Petrus
1982 1586 2162 1618 Lambertus
2188 1588 2247 1618 320

1692 1630 1734 1661 Le
1758 1630 1850 1662 Fevre
1869 1630 1907 1662 de
1927 1631 2119 1668 Caumartin,
2141 1631 2270 1663 Ioannes
2290 1631 2379 1663 Fran-

1732 1677 1829 1706 ciscus
1852 1675 1884 1706 P.
1915 1676 1979 1712 122,
2004 1675 2063 1705 408

1692 1718 1822 1761 Legazpi
1842 1731 1860 1761 y
1878 1718 2015 1756 Velasco,
2034 1719 2145 1751 Carcia
2163 1719 2201 1751 de
2224 1720 2288 1757 189,
2309 1721 2378 1757 262,

1692 1810 1734 1841 Le
1759 1810 1852 1842 Goux
1875 1810 1914 1842 de
1938 1810 1965 1842 la
1992 1811 2149 1848 Berchere,
2174 1811 2304 1843 Carolus
2330 1811 2377 1847 75,

1733 1854 1802 1892 280,
1828 1855 1887 1885 406

1692 1898 1734 1929 Le
1759 1898 1823 1941 Jay,
1851 1899 2006 1931 Henricus
2032 1899 2208 1931 Guilelmus
2238 1900 2289 1930 151

1692 1942 1810 1980 Lemos,
1834 1942 2009 1975 Ludovicus
2031 1943 2070 1975 de
2098 1944 2152 1975 167

1693 1988 1863 2026 Lencastre,
1889 1988 1996 2020 Petrus
2020 1987 2058 2019 de
2087 1988 2140 2019 195

1693 2032 1863 2070 Lencastre,
1892 2032 2076 2064 Verissimus
2103 2032 2142 2063 de
2174 2032 2229 2062 126

1693 2076 1735 2107 Le
1759 2076 1895 2108 Neboux
1917 2076 1955 2108 de
1979 2076 2007 2107 la
2030 2076 2166 2113 Brousse,
2190 2076 2296 2108 Petrus
2320 2078 2379 2107 242

1693 2120 1735 2151 Le
1763 2120 1936 2158 Normand,
1964 2120 2094 2152 Ioannes
2125 2121 2176 2151 191

1693 2165 1792 2202 Lenti,
1816 2164 1976 2207 Emigdius
1998 2165 2058 2195 294

1694 2209 1792 2246 Lenti,
1815 2208 1897 2240 Phili
1921 2221 1979 2252 pus
2006 2210 2061 2239 lOO

1693 2253 1803 2290 Lenza,
1829 2221 1957 2285 Iacofius
1985 2253 2040 2284 166

1694 2297 1788 2334 Leon,
1814 2297 1970 2329 Antonius
1996 2297 2034 2328 de
2061 2298 2109 2334 97,
2139 2297 2206 2334 305,
2235 2298 2294 2328 392

1693 2343 1776 2374 Leon
1804 2355 1823 2386 y
1848 2342 1887 2375 de
1912 2342 1940 2374 la
1967 2343 2081 2379 Rocha,
2109 2343 2315 2375 Bernardinus
2340 2343 2379 2374 de

1693 2434 1853 2472 Leonardi,
1877 2434 2007 2466 Ioannes
2031 2435 2131 2466 Maria
2156 2435 2214 2466 356

1694 2479 1870 2510 Leonardus
1892 2491 1909 2510 a
1931 2479 2092 2511 Camaiore
2115 2479 2174 2510 306

1694 2524 1799 2562 Leoni,
1824 2524 1996 2556 Bernardus
2020 2525 2203 2556 Dominicus
2231 2526 2295 2559 129,
2320 2526 2379 2556 292

1695 2570 1799 2607 Leoni,
1821 2571 1927 2602 Petrus
1953 2571 2017 2607 153,
2038 2571 2093 2601 411

1695 2616 1834 2652 Leonini,
1860 2616 1989 2647 Ioannes
2014 2616 2190 2647 Franciscus
2215 2616 2273 2647 356

1694 2662 1852 2704 Leopardi,
1896 2662 2073 2694 Franciscus
2114 2662 2268 2693 Antonius
2310 2662 2378 2697 258,

1695 2750 1786 2792 Lepe,
1812 2750 1918 2781 Petrus
1942 2750 1980 2781 de
2010 2750 2062 2781 135

1694 2796 1736 2826 Le
1762 2795 1911 2830 Pelletier,
1938 2795 2076 2827 Michael
2103 2796 2140 2826 84

1695 2842 1736 2872 Le
1766 2840 1879 2878 Pileur,
1911 2841 2066 2872 Henricus
2097 2841 2290 2882 Augustinus
2321 2841 2378 2870 343

1695 2887 1813 2929 Lepori,
1837 2886 1987 2918 Nicolaus
2011 2887 2065 2917 341

1695 2933 1822 2970 Lercari,
1845 2932 1994 2964 Nicolaus
2016 2932 2115 2963 Maria
2138 2933 2196 2962 283

1695 2979 1811 3015 Lerina,
1838 2979 1967 3010 Ioannes
1991 2978 2030 3010 de
2055 2978 2123 3013 358,
2150 2979 2208 3009 397

1694 3025 1736 3056 Le
1761 3025 1908 3067 Sauvage,
1933 3025 2069 3056 Renatus
2092 3025 2151 3054 406
