2522 3476
130 221 174 253 VI
1221 216 1373 249 Praefatio

325 345 354 382 3)
380 343 446 376 Ubi
470 355 540 375 vero
565 345 597 374 in
622 341 847 386 provisionibus
871 340 1043 373 titularium
1066 340 1188 373 sedium
1211 339 1352 374 eiusdem
1373 342 1508 373 nominis
1529 352 1594 373 non
1616 340 1695 373 clara
1717 343 1853 385 ipsarum
1875 339 1996 373 sedium
2018 339 2174 373 distinctio
2195 353 2233 373 ex
2254 340 2340 374 Actis
2361 341 2444 375 Con-

155 396 351 429 sistorialibus
377 396 533 434 habeatur,
560 404 732 439 apponetur
756 397 930 427 communis
955 394 1105 427 elenchus
1131 393 1352 438 Episcoporum
1377 396 1431 437 qui
1456 393 1495 426 ad
1518 393 1643 426 eosdem
1667 393 1771 426 titulos
1795 396 1926 437 promoti
1949 393 2087 426 fuerunt.
2465 388 2468 389 ⁷

279 494 315 525 In
343 493 518 537 apparanda
546 493 640 525 huius
668 495 742 525 tomi
770 492 906 525 editione
934 492 1109 536 relinquere
1136 494 1232 525 coacti
1259 503 1368 525 sumus
1387 494 1546 524 emeritam
1567 492 1706 524 Domum
1728 492 1926 525 Editorialem
1947 492 2248 537 Regensbergianam
2269 493 2354 537 apud
2375 493 2445 526 Mo-

157 549 324 579 nasterium
348 546 530 578 westfaliae
554 545 672 584 urbem,
697 549 786 578 cuius
810 548 890 589 typis
913 554 944 578 et
967 545 1142 589 sumptibus
1166 553 1299 589 quatuor
1323 547 1421 588 priora
1446 544 1605 577 volumina
1632 544 1820 588 prodierunt.
1849 546 1996 578 Praesens
2022 548 2127 590 itaque
2152 545 2300 579 volumen
2326 546 2444 579 Patavii

155 602 336 642 impressum
355 608 400 631 est
420 599 502 642 apud
524 599 774 642 typographicam
794 598 948 631 officinam
969 599 1148 631 Provinciae
1167 599 1334 631 Patavinae
1353 597 1493 630 Fratrum
1514 597 1677 630 Minorum
1697 598 1974 637 Conventualium,
1995 598 2170 642 sumptibus
2188 611 2260 631 vero
2279 611 2296 631 a
2316 599 2445 632 Rev.m0

156 652 188 683 P.
214 651 300 695 Mag.
325 651 407 684 Beda
431 652 492 683 Μ.·
517 653 607 690 Hess,
631 652 770 685 eiusdem
794 652 923 685 Ordinis
946 651 1092 685 Generali
1118 651 1274 690 Ministro,
1297 649 1424 694 provide
1446 650 1656 694 suppeditatis.

279 707 457 740 Iucundum
481 706 618 750 denique
641 705 730 738 nobis
754 714 799 738 est
823 705 962 749 publicas
986 705 1099 738 referre
1123 708 1233 749 gratias
1256 705 1338 738 Viris
1366 706 1579 739 Illusttissimis
1605 718 1640 738 ac
1667 705 1940 738 Reverendissimis
1966 705 2088 749 Angelo
2115 705 2257 743 Mercati‚
2284 705 2446 739 Tabularii

156 761 297 792 Vaticani
321 759 488 797 Praefecto,
512 762 566 803 qui
590 758 711 791 assiduo
734 758 862 791 consilio
885 767 916 791 et
938 758 1053 791 auxilio
1076 759 1299 792 humanissime
1317 759 1428 797 adfuit,
1449 767 1479 791 et
1500 759 1639 791 Henrico
1659 759 1773 797 Dante,
1794 759 2070 791 Caeremoniarum
2090 758 2337 802 Apostolicarum
2358 759 2446 792 Prae-

157 813 247 850 fecto,
274 815 362 845 cuius
388 815 499 844 eximia
525 811 704 844 liberalitate
730 811 901 844 Archivum
929 811 958 844 S.
986 811 1244 856 Congregationis
1270 811 1514 845 Caeremonialis
1539 814 1720 856 perscrutari
1746 811 1842 844 licuit.
1871 811 1949 844 Item
1974 814 2050 856 grati
2077 814 2173 844 animi
2200 823 2308 845 sensus
2333 811 2447 856 signifi-

155 873 236 897 catos
259 866 402 898 volumus
426 865 571 898 omnibus
594 867 722 909 egregiis
747 867 827 903 viris,
852 869 907 908 qui
932 867 964 898 in
990 865 1141 908 perarduo
1165 865 1381 909 prosequendo
1403 864 1506 897 labore
1529 865 1710 898 adiutricem
1734 864 1823 897 nobis
1846 877 1976 897 manum
1999 873 2171 908 utcumque
2194 864 2403 898 contulerunt.

164 1015 294 1054 ROMAE,
318 1018 351 1047 in
373 1015 452 1048 festo
474 1016 677 1054 Pentecostes,
700 1015 750 1048 die
777 1018 788 1047 l
814 1018 928 1048 mensis
950 1016 1033 1048 Iunii
1057 1019 1131 1048 anni
1155 1016 1324 1049 MCMLII

1671 1167 1703 1200 P.
1731 1167 1951 1201 REMIGIUS
1978 1167 2171 1206 RITZLER,
2198 1167 2433 1202 OEMCoxw.

1670 1229 1703 1261 Ρ.
1739 1229 1962 1262 PIRMINUS
1998 1229 2163 1268 SEFRIN,
2198 1228 2432 1263 O.F.M.Conv.
