2522 3476
1066 214 1139 250 111.
1167 211 1433 249 Innocentius
1460 210 1520 246 XI

412 363 527 400 Antea
552 358 763 398 Benedictus
787 354 1040 399 Odescalchus,
1067 365 1103 392 tt.
1131 354 1165 391 S.
1194 349 1401 403 Honuphrii
1427 348 1502 402 pbr.
1529 346 1664 393 card.,1)
1690 345 1822 386 electus
1850 348 1892 384 21
1925 345 2020 397 Sept.
2055 342 2189 388 1676,²)

903 454 1089 482 coronatus
1115 444 1136 479 4
1163 439 1287 485 Oct.,³)
1315 439 1337 486 †
1369 442 1412 477 12
1438 437 1529 490 Aug.
1564 434 1698 481 1689.⁴)

237 622 255 653 ¹)
276 621 321 649 Cf.
346 619 501 647 Hierarchia
526 619 572 650 IV,
597 616 691 645 SRE.
714 615 784 643 card.
808 615 854 646 Vl,
883 616 924 641 10.

232 685 250 716 ²)
272 682 485 711 Novendialibus
512 682 631 716 exequiis
657 690 705 715 pro
731 681 820 706 anima
847 677 893 705 fel.
920 687 971 704 rec.
999 675 1148 704 Clementis
1174 675 1226 701 PP.
1254 674 1275 700 X

162 723 279 759 expletis,
300 721 343 749 die
363 722 504 748 Dominiea
524 721 542 746 2
560 719 631 754 Aug.
654 718 723 745 1676
742 719 848 744 missam
868 717 984 743 cantavit
1003 713 1037 741 de
1057 714 1159 748 Spiritu
1179 713 1277 740 Sancto

162 773 213 789 em.
234 759 303 788 card.
326 759 479 786 Franciscus
501 757 668 788 Barbefinus,
690 755 782 783 decan.
805 755 832 782 S.
854 753 933 785 Coll.‚
955 751 1138 788 praesentibus
1159 749 1276 778 card.''¹¹'.

163 800 223 826 Post
244 801 349 825 missam
371 808 422 824 em.
443 795 550 823 card-“¹
572 796 681 830 ingressi
701 800 764 821 sunt
784 792 909 820 conclave
930 790 963 818 ad
984 790 1110 818 sacellum
1131 788 1277 816 Paulinum

162 843 263 867 euntes,
286 836 332 863 ubi
354 834 451 870 singuli
474 845 525 861 em.
547 840 633 868 patres
653 834 808 859 iuraverunt
829 830 965 857 observare
986 829 1188 856 constitutiones
1209 829 1277 854 circa
1303 847 1306 854 .

163 874 318 902 electionem
342 874 446 900 Summi
469 871 613 899 pontificis.
636 871 713 898 Circa
734 869 826 897 horam
849 870 866 895 4
888 870 980 899 noctis,
1003 869 1103 897 emissis
1125 873 1196 893 extra
1218 875 1277 892 con-

162 912 235 940 clave
255 914 356 940 exteris,
378 910 445 938 illud
466 910 586 937 clausum
608 909 669 936 fuit.
692 910 706 935 3
729 908 799 942 Aug.
821 914 909 938 aperta
931 905 983 933 fuit
1004 911 1078 940 porta
1099 903 1231 931 conclavis
1252 909 1278 930 et

162 952 270 985 ingressi
296 956 358 977 sunt
383 959 434 976 em.
460 947 567 975 card-¹u
594 948 711 982 Raggius
737 953 763 973 et
788 943 946 972 Nidhardus
972 944 1017 976 (ΙΙ,
1045 943 1071 974 8)
1097 953 1158 970 cum
1185 951 1276 969 eorum

162 987 335 1015 conclavistis.
359 988 376 1014 6
398 987 469 1021 Aug.
493 985 527 1013 de
549 996 605 1013 sero
627 987 759 1020 ingressus
782 990 820 1011 est
844 985 873 1010 in
895 981 1021 1010 conclave
1043 979 1113 1008 card.
1137 981 1278 1007 Bonvisius

164 1033 190 1054 et
209 1025 242 1053 de
262 1036 341 1053 mane
360 1024 429 1052 card.
450 1025 528 1052 Litta.
550 1025 566 1051 7
585 1023 656 1058 Aug.
677 1021 710 1050 de
729 1033 785 1050 sero
805 1024 937 1056 ingressus
957 1027 996 1048 est
1015 1022 1044 1047 in
1064 1018 1190 1046 conclave
1209 1016 1279 1045 card.

164 1063 332 1095 Barbadicus,
354 1064 369 1089 8
390 1063 461 1098 Aug.
483 1061 516 1090 de
537 1072 593 1089 sero
613 1060 683 1089 card.
704 1061 848 1091 Rossettus‚
870 1061 887 1086 9
909 1059 979 1093 Aug.
1000 1057 1034 1085 de
1054 1068 1110 1085 sero
1131 1064 1190 1092 post
1210 1066 1278 1084 scru-

164 1104 260 1129 tinium
284 1104 415 1136 ingressus
439 1107 478 1128 est
500 1099 569 1128 card.
594 1099 773 1130 Fachinettus,
801 1100 829 1125 ll
857 1098 927 1132 Aug.
951 1099 981 1124 in
1004 1107 1061 1124 sero
1083 1098 1216 1131 ingressus
1239 1101 1278 1122 est

163 1139 232 1167 card.
255 1138 385 1167 Sabellus.
411 1141 443 1166 14
465 1139 536 1173 Aug.
558 1145 617 1173 post
638 1139 795 1164 scrutinium
818 1138 961 1163 serotinum
985 1140 1151 1162 accesserunt
1173 1132 1207 1160 ad
1228 1131 1278 1160 cel-

163 1178 215 1205 lam
244 1177 305 1205 em.¹
336 1175 406 1204 card.
434 1177 503 1204 Litta
531 1187 582 1204 em.
610 1174 717 1203 card.¹‘³'
746 1174 926 1205 Fachinettus‚
955 1174 1099 1204 Rossettus‚
1129 1173 1277 1202 Bonvisius‚

165 1214 332 1247 Barbadicus‚
357 1214 518 1248 Delphinus.
542 1213 672 1242 Azolinus
695 1221 721 1241 et
743 1212 873 1245 Sabellusy
897 1214 944 1247 qui
968 1222 1023 1239 una
1046 1222 1108 1239 cum
1132 1221 1183 1238 em.
1208 1208 1278 1237 card.

164 1258 233 1285 Litta
262 1255 376 1292 podagra
406 1255 541 1282 laborante
570 1261 596 1281 et
624 1256 653 1280 in
682 1252 750 1280 lecto
780 1251 958 1279 decumbente
987 1253 1142 1277 iuraverunt
1171 1248 1278 1276 solitum

163 1298 352 1323 iuramentum.
379 1294 410 1321 16
433 1293 504 1328 Aug.
526 1299 585 1327 post
606 1293 764 1319 semtinium
787 1292 968 1325 vespertinum
992 1291 1124 1324 ingressus
1147 1294 1185 1315 est
1207 1285 1277 1314 card.

164 1334 322 1364 Carpineus.
354 1333 386 1359 18
414 1332 485 1366 Aug.
514 1337 576 1358 ante
603 1331 761 1357 scrutinium
789 1330 952 1355 matutinum
982 1329 1114 1361 ingressus
1141 1333 1180 1353 est
1208 1324 1278 1353 card.

165 1371 337 1399 Otthobonus
359 1377 385 1397 et
406 1376 465 1404 post
486 1370 644 1396 scrutinium
666 1369 846 1402 vespertinum
870 1364 989 1394 eiusdem
1012 1364 1064 1392 diei
1087 1367 1219 1399 ingressus
1241 1370 1280 1390 est

164 1408 233 1435 card.
253 1409 350 1436 Cen-us
371 1408 402 1437 (I,
425 1407 477 1435 10).
497 1409 529 1434 21
553 1406 623 1440 Aug.
642 1408 709 1433 circa
728 1405 819 1432 horam
841 1406 855 1431 3
876 1406 960 1432 noctis
979 1414 1031 1431 ern.
1051 1401 1121 1430 card.
1140 1403 1279 1437 Virginius

164 1447 280 1474 Ursinus
302 1448 331 1473 in
354 1445 452 1477 palatio
474 1446 577 1472 Montis
599 1443 705 1471 Iordani
727 1444 828 1471 Romae
851 1441 922 1470 diem
945 1441 1039 1469 clausit
1062 1448 1219 1469 extremum.
1243 1441 1278 1467 27

164 1484 234 1519 Aug.
258 1487 325 1511 circa
347 1483 438 1511 horam
463 1485 575 1514 primam
598 1485 682 1510 noctis
705 1493 756 1509 em.
779 1480 849 1508 card.
874 1480 1001 1508 Bonellus
1023 1481 1124 1507 Romae
1148 1481 1177 1506 in
1200 1477 1279 1506 domo

164 1533 226 1550 suae
247 1522 337 1549 solitae
358 1521 528 1549 habitationis
550 1523 579 1548 in
599 1519 685 1555 platea
707 1520 755 1547 SS.
776 1519 825 1546 XII
847 1518 1034 1550 Apostolorum
1055 1517 1129 1545 obiit.
1151 1519 1186 1544 29
1207 1516 1278 1551 Aug.

164 1567 221 1588 post
247 1562 404 1587 scrutinium
430 1561 611 1593 vespertinum
638 1560 770 1591 ingressus
796 1564 834 1584 est
860 1556 985 1584 conclave
1011 1554 1081 1583 card.
1108 1554 1278 1583 Gabriellius.

166 1599 200 1625 30
221 1598 291 1632 Aug.
313 1604 370 1626 post
391 1599 548 1624 scrutinium
570 1598 750 1625 vespertinum
772 1597 881 1630 ingressi
903 1602 966 1622 sunt
986 1593 1093 1621 card.¹⁶⁸
1116 1592 1188 1621 Galli
1209 1591 1279 1620 vide-

165 1635 226 1663 licet
253 1635 286 1662 de
313 1636 387 1666 Retz,
416 1634 564 1669 Buglionus
593 1634 624 1665 (I.
654 1634 681 1661 4)
710 1641 736 1661 et
763 1635 876 1660 Bonsius
905 1633 950 1664 (ῙῘ,
979 1631 1015 1663 4),
1044 1643 1074 1659 ac
1102 1634 1181 1659 etiam
1209 1630 1279 1658 card.

166 1672 374 1700 Maidalchinus.
401 1671 487 1700 eidem
515 1672 623 1699 factioni
649 1670 802 1702 adhaerens,
829 1673 876 1704 qui
902 1681 988 1705 nuper
1013 1681 1028 1698 e
1053 1669 1141 1697 Gallia
1166 1670 1279 1696 Romam

165 1718 347 1741 pervenerant.
375 1712 404 1737 31
432 1710 502 1740 Auq.
527 1712 556 1737 in
581 1709 676 1737 sacello
700 1710 805 1737 Sixtino
829 1716 891 1736 ante
916 1710 1073 1735 scrutinium
1098 1709 1279 1740 vespertinum

165 1751 319 1776 iuraverunt
347 1759 397 1776 em.
426 1747 533 1775 card.¹⁹‘
563 1749 720 1779 Camineus,
749 1747 782 1775 de
810 1748 884 1775 Retz.
912 1746 1094 1777 Otthobonus,
1123 1744 1279 1780 Buglionus,

166 1791 271 1821 Certus,
294 1791 406 1817 Bonsius
427 1795 453 1816 et
474 1786 691 1817 Maidalcbinu53
714 1785 783 1813 card.
805 1784 975 1815 Gabriellius‚
997 1786 1060 1817 quia
1083 1784 1171 1811 aberat
1193 1794 1207 1811 a
1229 1782 1281 1810 dic-

167 1835 193 1855 to
220 1827 322 1856 sacello.
351 1826 454 1854 distulit
481 1825 513 1853 ad
542 1825 620 1853 aliam
649 1823 718 1852 diem
748 1822 912 1854 praedictum
941 1825 1132 1850 iuramentum.
1161 1822 1177 1848 6
1207 1822 1280 1851 Sept.

166 1864 236 1893 card.
260 1863 422 1895 Grimaldus,
446 1866 493 1896 qui
518 1865 584 1890 circa
609 1862 700 1890 horam
725 1864 758 1888 21
785 1862 897 1889 Romam
923 1867 1086 1894 pervenerat,
1110 1866 1169 1894 post
1192 1861 1281 1886 scruti-

168 1906 242 1930 nium
270 1905 449 1936 vespertinum
477 1900 601 1928 conclave
627 1903 759 1935 ingressus
785 1906 831 1927 est.
860 1900 876 1926 7
902 1899 975 1932 Sept.
1003 1897 1036 1926 de
1062 1908 1142 1925 mane
1167 1898 1280 1924 Romam

166 1943 286 1968 pervenit
303 1939 372 1967 card.
391 1939 424 1967 de
441 1938 532 1966 Baden
552 1939 596 1970 (11.
615 1938 643 1965 6)
661 1945 687 1965 et
705 1944 763 1970 post
780 1939 938 1964 scrutinium
956 1938 1137 1971 vespertinum
1156 1934 1281 1962 conclave

167 1981 298 2009 ingressus
315 1985 360 2005 est.
377 1979 394 2004 9
412 1978 484 2006 Sept.
501 1979 530 2004 in
548 1975 642 2004 sacello
659 1976 764 2003 Sixtino
781 1982 842 2002 ante
859 1976 1016 2002 scrutinium
1033 1975 1197 2000 matutinum
1215 1975 1282 2000 iura-

167 2023 263 2043 verunt
282 2014 389 2043 card.¹‘¹
411 2013 566 2042 Grimaldus
587 2021 614 2041 et
634 2012 667 2041 de
689 2012 798 2044 Eadem
819 2015 848 2044 in
870 2023 925 2039 sero
946 2022 1008 2039 vero
1028 2010 1147 2039 eiusdem
1169 2009 1222 2038 diei
1243 2013 1282 2038 in*

168 2064 268 2083 <gressus
286 2060 324 2081 est
342 2052 411 2080 card.
430 2051 605 2082 Ludovisius:
625 2058 651 2079 et
669 2053 704 2078 sic
723 2053 752 2078 in
770 2050 888 2078 conclavi
908 2060 982 2077 nunc
1002 2048 1101 2077 adsunt
1118 2049 1153 2075 63
1173 2047 1268 2076 card.¹⁰

169 2092 220 2118 Die
244 2092 386 2118 Dominica
409 2092 444 2117 20
467 2091 540 2122 Sept.
564 2089 705 2116 conclusus
728 2088 781 2115 fuit
804 2095 928 2115 tractatus
951 2086 984 2115 de
1007 2085 1130 2121 eligendo
1153 2088 1182 2114 in
1206 2087 1282 2113 Sum-

168 2130 245 2155 Pont.
267 2139 317 2156 em.
339 2127 408 2155 card.
430 2127 636 2155 Odescalchum.
657 2127 710 2154 Die
730 2136 791 2153 vero
812 2127 844 2152 21
869 2126 942 2152 Sent.
963 2127 1031 2152 circa
1051 2124 1143 2151 horam
1168 2125 1200 2151 13
1222 2134 1279 2151 con-

167 2173 299 2194 venerunt
321 2176 413 2193 omnes
435 2164 541 2192 card.¹⁰'
566 2163 598 2192 ad
621 2164 714 2192 cellam
737 2162 863 2199 praedicti
887 2162 1046 2191 Odescalchi
1069 2169 1095 2190 et
1119 2173 1180 2190 eum
1204 2163 1282 2189 comi-

170 2206 214 2231 tati
236 2210 298 2231 sunt
318 2214 404 2235 usque
425 2202 458 2230 ad
479 2202 604 2230 sacellum
625 2202 779 2229 Paulinum.
801 2202 862 2228 Post
882 2207 1036 2228 consuetam
1057 2202 1163 2227 missam
1184 2198 1218 2227 de
1239 2198 1283 2227 eli-

169 2240 256 2273 flendo
277 2242 352 2268 Sum.
372 2242 449 2268 Pont.
470 2243 499 2268 in
519 2239 614 2267 sacello
635 2241 739 2267 Sixtino
758 2239 915 2267 celebratam
938 2249 988 2266 em.
1009 2236 1079 2266 card.
1100 2236 1283 2265 Odescalchus

169 2289 230 2305 cum
250 2280 286 2305 20
305 2278 436 2311 suffragiis
454 2280 482 2305 in
501 2280 627 2305 scrutinio
646 2285 672 2305 et
691 2279 727 2304 42
745 2279 774 2304 in
794 2287 899 2304 accessu
917 2278 1045 2303 canonice
1064 2275 1164 2303 electus
1182 2274 1235 2302 fuit
1254 2276 1282 2301 in

171 2317 246 2343 Sum.
267 2317 353 2346 Pom„
375 2318 421 2343 oui
442 2326 542 2343 nomen
562 2315 611 2342 sibi
632 2317 758 2349 imposuit
777 2315 928 2341 Innocentii
950 2314 995 2340 XI.
1017 2313 1076 2340 Em.
1097 2312 1214 2344 card.¹⁸'‚
1236 2314 1283 2344 qui

170 2356 198 2380 in
225 2353 343 2380 conclavi
371 2352 508 2388 elegerunt
533 2355 562 2380 in
590 2354 666 2380 Sum.
693 2354 770 2379 Pom.
800 2353 880 2379 S.'···¹¹·’
909 2352 985 2378 D.N.
1013 2351 1202 2378 Innocentium
1230 2350 1283 2377 PP.

170 2395 206 2422 XI
234 2394 357 2421 fuerunt:
391 2391 458 2428 ep.‘:
492 2391 646 2418 Franciscus
675 2390 841 2417 Barberinus.
872 2388 1015 2416 uldericus
1045 2389 1203 2419 caruimus,
1232 2388 1284 2415 Ga-

169 2431 295 2462 briellius,
322 2430 501 2458 Faehinettus.
529 2427 699 2456 Grimaldus:
726 2427 808 2459 vbrf:
840 2428 984 2454 Rossettus.
1011 2425 1178 2457 Ludovisius⁷
1205 2425 1283 2457 Cibo,

170 2470 294 2504 Raggius,
316 2467 349 2495 de
369 2469 443 2495 Rev.
466 2465 630 2494 Homodeus.
652 2465 832 2495 otthobonus,
855 2464 979 2492 Albitius,
1001 2465 1072 2495 Pius,
1094 2463 1200 2491 Flavius
1220 2462 1284 2491 Chi-

171 2509 232 2538 sius,
260 2507 408 2534 Bonvisius.
436 2504 552 2531 Bichius.
580 2503 737 2533 Fransonus,
765 2501 897 2532 Vidonus.
925 2500 1094 2532 Barbadicus,
1122 2502 1284 2535 Boncompa-

171 2554 247 2576 gnus.
273 2544 350 2572 Litta.
376 2544 512 2573 Corsinus,
538 2541 757 2569 Piccolomineus.
783 2539 888 2570 Carafa,
915 2539 1040 2571 Alterius,
1065 2538 1099 2566 de
1124 2538 1283 2569 Comidbus,

171 2582 280 2610 Ninius,
309 2579 430 2610 Spinula.
461 2578 635 2607 Caracciolus.
665 2577 826 2608 Delphinus,
855 2577 966 2604 Iacobus
993 2576 1157 2607 Rospiliosus
1186 2576 1217 2608 (Ῑ,
1249 2574 1283 2607 1),

172 2618 319 2651 Buglionus
344 2618 375 2648 (Ι,
402 2617 437 2647 4),
463 2615 496 2643 de
522 2617 700 2643 Portocarrero
725 2615 756 2646 (Ι,
784 2615 819 2645 5),
845 2615 943 2642 Cerrus
968 2614 999 2645 (Ι,
1029 2613 1080 2645 10),
1106 2613 1285 2640 Pallavicinus

173 2655 203 2684 (1.
231 2655 282 2682 11).
306 2655 443 2681 Maximus
467 2654 512 2685 (ΙΙ,
536 2653 572 2684 2),
597 2653 698 2684 Caspar
721 2653 871 2681 Carpineus
895 2652 939 2684 (ΙῙ,
965 2651 1000 2680 3),
1024 2650 1153 2678 d’Estrees
1178 2651 1223 2682 (ΙΙ,
1247 2650 1284 2679 7).

171 2692 204 2719 de
226 2691 317 2719 Baden
340 2692 384 2722 (ΙΙ,
407 2691 443 2718 6).
467 2692 579 2718 Bonsius
602 2691 646 2721 (ΙΙ,
670 2690 706 2721 4),
729 2688 887 2716 Nidhardus
910 2689 954 2720 (II,
979 2688 1014 2719 8),
1039 2689 1156 2716 Ursinus
1178 2688 1223 2720 (II,
1249 2687 1284 2718 ¹3),

172 2729 307 2757 Columna
331 2729 375 2760 (Π,
403 2729 454 2759 14),
479 2727 588 2755 Nerlius
613 2728 643 2759 (Ι,
667 2727 704 2758 6),
729 2725 871 2754 Gastaldus
896 2726 940 2758 (ΙΙ,
968 2726 1019 2757 11),
1044 2727 1214 2753 Crescentius
1239 2725 1283 2757 (ΙΙ,

175 2767 227 2799 15),
250 2768 425 2794 Marescottus
448 2767 492 2797 (Il,
520 2766 571 2797 17),
595 2767 707 2792 Roccius
731 2765 775 2795 (II,
801 2765 853 2797 16),
877 2764 1026 2792 Albericius
1049 2765 1094 2796 (ΙΙ,
1121 2764 1172 2795 18),
1196 2763 1284 2796 Soada

174 2806 218 2837 (ΙΙ,
246 2805 297 2837 19),
322 2804 355 2832 de
378 2804 495 2832 Norfolk
521 2805 565 2836 (ΙΙ,
590 2804 653 2834 20),
677 2803 769 2830 diaes:
799 2802 1008 2835 Maidalchfflus,
1034 2802 1146 2830 Carolus
1170 2802 1285 2829 Barberi-

173 2854 231 2875 nus,
254 2843 390 2871 Azolinus.
413 2843 542 2871 Sabellus.
566 2842 754 2878 Sigismundus
775 2842 884 2869 Chisius
907 2842 937 2873 (Ι,
962 2842 997 2874 3),
1020 2841 1170 2869 Acciaiolus
1194 2841 1225 2873 (Ι,
1249 2840 1284 2872 8),

173 2884 364 2909 Bonaccursius
389 2882 420 2913 (Ι,
447 2882 483 2912 9),
510 2881 582 2908 Felix
607 2881 770 2916 Rospiliosus
796 2881 840 2912 (II,
866 2880 903 2912 9),
929 2881 1060 2908 Casanata
1087 2880 1131 2911 (ΙΙ,
1160 2879 1213 2911 12),
1239 2881 1285 2906 Ba-

173 2918 297 2946 sadonius
325 2919 368 2950 (11,
398 2919 450 2950 13).
478 2918 555 2945 Extra
581 2919 691 2945 Curiam
718 2925 771 2945 toto
797 2917 927 2945 conclavis
954 2925 1071 2952 tempore
1096 2917 1208 2944 fuerunt
1233 2927 1285 2944 em.

173 2957 279 2985 card.¹““
301 2956 334 2984 de
355 2957 488 2992 Aragonia
509 2965 535 2984 ct
555 2956 588 2984 de
609 2958 712 2983 Hassia.
735 2956 876 2983 conclavis
897 2963 1014 2991 tempore
1034 2958 1131 2983 mortui
1152 2963 1215 2983 sunt
1236 2956 1286 2982 Ro-

172 3006 231 3035 mae
258 3003 328 3023 extra
355 2995 479 3022 conclave
507 3006 557 3022 em.
585 2995 691 3022 card.¹‘⁸
721 2996 857 3030 Virginius
886 2996 1002 3021 Ursinus
1028 3002 1055 3022 et
1082 2994 1208 3021 Bonellus
1236 2993 1286 3025 (Ex

173 3035 256 3060 diario
277 3033 347 3058 Petri
369 3032 445 3058 Pauli
468 3033 541 3058 Bona
562 3034 591 3058 in
612 3034 668 3067 ipso
690 3032 807 3058 conclavi
830 3034 1054 3058 caeremoniarum
1076 3033 1201 3066 magistri,
1224 3032 1285 3058 Vat.

173 3070 230 3097 Lat.
257 3071 344 3096 12340
367 3070 396 3097 ff.
420 3070 522 3101 23-33).

1409 607 1428 637 ³)
1452 608 1505 634 Die
1529 607 1671 634 Dominica
1695 607 1712 632 4
1735 606 1796 633 Oct.
1823 604 1892 631 1676
1916 605 1945 630 in
1967 602 2023 630 bas.
2047 603 2075 629 S.
2099 603 2169 629 Petri
2192 602 2265 629 S.¹¹²'¹·
2290 601 2365 628 D.N.
2389 602 2454 628 tiara

1335 644 1471 679 pontificia
1496 649 1636 670 coronatus
1662 648 1700 669 est
1725 641 1759 668 ab
1784 651 1836 668 em.
1862 639 1932 667 card.
1959 637 2153 670 Maidalchino,
2179 639 2265 673 primo
2290 636 2358 664 diac.
2382 634 2454 665 eard.

1336 681 1408 713 (Vat.
1430 681 1486 707 Lat.
1512 680 1595 706 1234]
1621 678 1650 706 ff.
1673 677 1790 716 33-43).v

1405 742 1424 774 ⁴)
1454 744 1469 769 8
1498 742 1569 777 Aug.
1601 742 1669 768 1676
1697 742 1770 768 S.¹¹····
1799 740 1883 771 D.N.,
1911 741 2110 775 ingravescente
2138 747 2241 773 semper
2267 736 2368 769 morbo,
2395 742 2455 772 post

1335 779 1427 807 horam
1456 780 1470 805 3
1498 781 1582 806 noctis
1608 788 1712 805 summa
1738 775 1879 804 devotione
1905 782 1932 803 et
1958 777 2056 811 pietate
2082 775 2163 802 S.'¹‘¹'¹¹¹¹
2191 774 2327 802 Viaticum
2353 774 2455 808 aceepit

1335 826 1382 851 per
1403 825 1515 842 manum
1539 816 1659 841 sacristae
1682 813 1734 848 ep.'
1761 812 1953 848 Porphyrien.;
1979 813 2013 839 12
2035 811 2106 846 Aug.
2134 811 2203 838 1676
2227 811 2300 838 S.·····
2325 810 2402 837 D.N.
2424 811 2455 837 in

1335 854 1458 879 extremis
1481 851 1598 882 laborat;
1622 853 1651 877 in
1675 849 1777 885 capella
1802 856 1899 876 secreta
1924 847 2054 876 celebrata
2078 847 2132 875 fuit
2155 858 2171 875 a
2194 846 2334 883 capellano
2355 843 2455 874 hebdo-

1335 887 1453 915 madario
1475 889 1553 914 missa
1576 897 1623 922 pro
1645 886 1752 913 infirmo
1775 886 1851 913 Sum.
1875 886 1952 912 Pont.
1976 884 2081 912 Placuit
2102 885 2281 919 omnipotenti
2304 883 2364 911 Deo
2386 884 2454 910 cirea

1336 924 1427 951 horam
1450 925 1486 950 22
1507 925 1626 958 accipere
1647 925 1765 950 animam
1786 922 1869 949 huius
1892 922 1968 949 Sum.
1990 922 2077 953 Pom„
2100 922 2148 956 qui
2171 919 2338 947 adstantibus
2358 917 2452 947 oard.¹¹

1336 963 1485 995 Colloredo²
1508 961 1677 999 generalibus
1698 960 1867 996 religionum,
1891 957 2038 994 poenit-¹¹¹,
2062 959 2163 985 intimis
2185 956 2370 989 familiaribus,
2392 957 2455 984 reci-

1336 1001 1454 1029 tantibus
1480 1000 1593 1031 litanias,
1620 996 1798 1034 placidissime
1823 997 1981 1031 exspiravit;
2007 994 2050 1022 ob.
2077 1005 2100 1021 a.
2127 1000 2177 1021 aet.
2203 1003 2267 1021 suae
2294 993 2338 1026 78,
2363 1003 2402 1020 m.
2427 993 2454 1025 2,

1336 1039 1381 1067 dd.
1410 1041 1454 1066 24.
1482 1039 1575 1065 Postea
1604 1037 1674 1064 facta
1702 1035 1756 1063 fuit
1783 1037 1928 1071 recognitio
1955 1036 2046 1061 mortis
2074 1032 2215 1060 Pontificis
2242 1032 2276 1060 ab
2303 1042 2356 1060 em.
2383 1029 2455 1059 eard.

1335 1077 1436 1105 Alterio
1459 1076 1554 1104 S.R.E.
1577 1077 1728 1103 camerario.
1754 1076 1786 1101 13
1809 1073 1968 1109 Augchora
1994 1074 2027 1100 14
2050 1078 2171 1107 apertum
2195 1070 2249 1099 fuit
2270 1079 2366 1107 corpus
2387 1070 2456 1098 Pon-

1337 1116 1421 1148 dficis,
1439 1122 1466 1143 et
1482 1122 1572 1150 postea
1590 1114 1751 1142 aromatibus
1769 1112 1910 1148 impletum
1930 1119 1956 1139 et
1974 1111 2055 1139 solitis
2072 1110 2210 1138 habitibus
2227 1108 2373 1141 indutum;
2390 1107 2456 1137 hom

1336 1154 1421 1188 prima
1441 1154 1525 1179 noctis
1544 1150 1663 1179 delatum
1683 1149 1737 1178 fuit
1755 1159 1851 1184 corpus
1871 1147 2008 1176 Pontificis
2027 1158 2042 1175 a
2061 1146 2114 1183 pal.
2134 1145 2271 1180 Quirinali
2290 1144 2325 1174 ad
2343 1145 2406 1174 vat.
2425 1146 2456 1173 in

1336 1190 1465 1226 capellam
1488 1190 1629 1217 sixtinam.
1655 1190 1688 1216 14
1709 1188 1781 1224 Aug.
1804 1186 1918 1215 durante
1939 1188 2144 1222 congregatione
2166 1195 2228 1221 gen.
2250 1195 2303 1212 em.
2325 1182 2455 1212 card-¹¹¹¹·

1336 1238 1388 1255 em.
1417 1228 1575 1254 camerarius
1604 1224 1679 1253 dedit
1706 1226 1793 1260 primo
1821 1225 2047 1251 caeremoniarum
2077 1232 2121 1249 ma
2141 1224 2202 1249 'stro
2231 1220 2345 1249 anulum
2374 1221 2456 1256 pisea-

1337 1266 1406 1295 toris,
1427 1265 1475 1299 qui
1495 1273 1557 1290 eum
1578 1261 1657 1297 fregit
1677 1260 1769 1294 (Arch.
1791 1261 1868 1288 Caer.
1891 1261 1945 1287 542
1965 1259 1994 1287 ff.
2015 1232 2155 1290 392-406).
2178 1259 2212 1285 14
2232 1257 2304 1293 Aug.
2323 1255 2456 1292 completa

1336 1301 1540 1335 congregatione
1564 1309 1616 1326 em.
1642 1296 1750 1325 card-“¹¹
1777 1307 1804 1324 se
1829 1295 2003 1324 contulerunt
2027 1294 2061 1323 ad
2085 1294 2215 1330 capellam
2241 1294 2383 1326 sixtinam,
2407 1292 2457 1321 ubi

1419 1337 1486 1363 'tum
1511 1341 1566 1362 erat
1589 1344 1685 1370 corpus
1709 1333 1854 1365 pontificis,
1880 1339 1906 1360 et
1930 1332 2000 1359 facta
2025 1330 2193 1359 absolutione
2216 1340 2313 1366 corpus
2336 1328 2456 1358 delatum

1337 1372 1390 1400 fuit
1410 1370 1444 1399 ad
1464 1371 1519 1399 bas.
1541 1371 1620 1402 Vat.;
1642 1380 1738 1406 corpus
1758 1369 1875 1397 locatum
1896 1368 1951 1396 fuit
1970 1370 2000 1396 in
2020 1367 2110 1396 medio
2129 1366 2255 1395 basilicae
2276 1373 2304 1395 et
2324 1365 2456 1402 completa

1337 1407 1503 1436 absolutione
1527 1406 1646 1435 delatum
1671 1406 1725 1434 fuit
1749 1405 1783 1434 ad
1807 1404 1936 1441 capellam
1962 1405 2036 1432 S-m'
2061 1404 2201 1432 Trinitatis
2225 1410 2253 1431 et
2276 1402 2372 1431 clausis
2395 1412 2457 1431 enn-

1336 1444 1409 1472 cellis
1430 1454 1525 1480 corpus
1546 1443 1662 1471 locatum
1683 1442 1737 1470 fuit
1757 1452 1839 1478 prope
1861 1440 2000 1473 cancellos,
2022 1447 2054 1468 ut
2074 1439 2191 1476 populus
2212 1446 2300 1475 posset
2319 1437 2458 1467 Pontifici:

1337 1480 1418 1517 pedes
1446 1479 1592 1508 deosculari
1622 1479 1650 1512 (1.
1679 1490 1702 1507 c.
1731 1478 1760 1506 ff.
1789 1478 1929 1508 402-403).
1961 1478 1993 1504 16
2021 1477 2093 1512 Aug.
2120 1476 2265 1504 humatum
2292 1475 2348 1504 fuit
2374 1485 2458 1511 prope

1337 1519 1447 1547 chorum
1470 1520 1659 1546 canonicorum
1682 1529 1715 1545 ex
1735 1516 1843 1545 adverso
1864 1517 1961 1544 Leonis
1982 1516 2034 1543 PP.
2055 1516 2086 1548 X,
2108 1515 2156 1543 ubi
2176 1517 2230 1543 iam
2252 1513 2341 1543 fuerat
2361 1523 2458 1546 eorpus

1338 1558 1489 1585 Innocentii
1505 1557 1557 1584 PP.
1574 1557 1598 1584 X
1615 1555 1643 1589 (l.
1660 1567 1682 1584 c.
1700 1555 1720 1583 f.
1738 1555 1812 1587 411).
1831 1555 1867 1582 26
1883 1554 1935 1582 Iul.
1956 1555 2023 1582 1701
2042 1553 2077 1582 de
2094 1564 2150 1582 sero
2166 1563 2262 1589 corpus
2278 1563 2299 1581 s.
2315 1562 2398 1581 mern.
2413 1551 2458 1580 In-

1338 1598 1455 1623 nocentii
1476 1596 1528 1622 PP.
1549 1595 1584 1622 XI
1605 1597 1749 1630 repositum
1771 1594 1824 1622 fuit
1843 1596 1872 1621 in
1893 1604 1963 1621 novo
1983 1603 2013 1621 ac
2033 1591 2198 1620 nobilissimo
2219 1590 2326 1619 tumulo
2346 1601 2362 1619 a
2380 1590 2458 1619 Livio

1337 1636 1478 1664 Brachiani
1509 1633 1675 1668 [Braeciano]
1705 1631 1774 1660 duce
1802 1634 1859 1668 eius
1887 1637 1985 1666 nepote
2013 1635 2146 1657 exstructo
2174 1627 2267 1661 (Arch.
2295 1627 2379 1656 Caer.
2403 1626 2456 1655 546

1338 1674 1358 1702 f.
1381 1675 1434 1702 245
1459 1672 1512 1705 ss.).

1412 1710 1554 1745 Quaedam
1575 1709 1760 1738 adnotationes
1779 1709 1930 1740 praesertim
1951 1717 1984 1734 ex
2003 1708 2068 1733 actis
2087 1706 2193 1733 consist.
2214 1703 2399 1741 demmptae:
2424 1703 2458 1732 In

1339 1753 1425 1786 primo
1450 1752 1556 1778 consist.
1583 1755 1682 1777 secreto
1710 1749 1743 1775 12
1770 1748 1831 1775 Oct.
1861 1746 1931 1774 1676
1957 1745 2049 1773 habito
2076 1745 2150 1772 S.¹”'¹'
2178 1743 2254 1771 D.N.
2281 1741 2316 1771 de
2341 1743 2398 1771 Sua
2423 1740 2458 1770 ad

1339 1799 1475 1817 summum
1496 1786 1668 1823 Apostolatus
1689 1788 1791 1822 apicem
1814 1786 1908 1819 gratias
1930 1785 1990 1812 Deo
2011 1790 2037 1811 et
2057 1781 2165 1810 card.¹''¹¹
2188 1784 2243 1818 egit
2264 1788 2291 1810 et
2311 1787 2403 1813 postea
2421 1779 2459 1808 le

1338 1830 1376 1863 git
1395 1830 1576 1855 iuramentum
1598 1824 1705 1853 solitum
1726 1823 1760 1852 de
1781 1821 1951 1851 observandis
1971 1823 2085 1850 Constit.
2107 1821 2200 1856 Apost.
2222 1820 2285 1853 (AC
2304 1821 2342 1847 22
2361 1818 2382 1847 f.
2402 1818 2458 1847 21³6

1339 1865 1392 1898 ss.).
1417 1866 1433 1893 8
1457 1865 1530 1892 Nov.
1558 1864 1628 1891 1676
1652 1864 1725 1891 8:¹¹⁶·
1750 1862 1826 1890 D.N.
1850 1868 1910 1896 post
1933 1860 2079 1888 solemnem
2104 1861 2297 1891 equitationem
2423 1859 2458 1885 'o-

1339 1915 1400 1932 nem
1425 1905 1527 1938 accepit
1550 1902 1604 1930 bas.
1627 1902 1785 1929 Lateranen.
1810 1900 1882 1930 (Vat.
1906 1900 1964 1927 Lat.
1991 1899 2075 1926 1234}
2104 1897 2134 1925 ff.
2161 1895 2271 1928 53‘-58).
2294 1896 2328 1924 In
2351 1897 2457 1924 consist.

1339 1949 1437 1970 secreto
1459 1943 1477 1968 2
1498 1941 1564 1968 Dec.
1589 1940 1659 1967 1676
1681 1940 1708 1967 S.
1731 1940 1758 1967 S.
1780 1937 1927 1967 publicavit
1947 1936 2095 1965 iubilaeum
2117 1934 2151 1963 ad
2171 1933 2371 1968 implorandum
2393 1932 2459 1961 divi-

1339 1991 1406 2008 num
1427 1979 1557 2007 auxilium
1578 1989 1626 2011 pro
1646 1977 1753 2005 salutari
1772 1976 1905 2004 Ecclesiae
1925 1977 2054 2007 regimine
2075 1974 2147 2003 (Vat.
2168 1974 2226 2001 Lat.
2250 1973 2340 2000 12340
2359 1971 2380 2000 f.
2401 1971 2458 2001 3¹7).

1339 2019 1372 2045 In
1392 2020 1498 2045 consist.
1519 2024 1618 2044 secreto
1641 2018 1675 2043 14
1695 2016 1762 2043 Dec.
1786 2015 1855 2042 1676
1877 2014 1950 2041 S.¹”'¹'
1973 2013 2049 2041 D.N.
2071 2013 2099 2040 S.
2120 2011 2191 2040 0011.
2212 2010 2344 2040 allocutus
2365 2017 2404 2038 est
2423 2008 2458 2038 de

1339 2054 1505 2083 concilianda
1529 2065 1594 2085 pace
1618 2056 1687 2081 inter
1709 2053 1866 2081 christianos
1888 2054 2022 2083 principes
2045 2058 2072 2079 et
2095 2049 2211 2078 decrevit
2234 2048 2355 2084 ablegare
2380 2047 2459 2079 Alov-

1340 2096 1408 2121 sium
1433 2092 1602 2125 Bevilacqua.
1628 2099 1694 2126 patr.
1720 2089 1895 2119 Alexandrin.
1920 2088 1953 2117 ad
1977 2099 2147 2124 congressum
2171 2088 2369 2123 Noviomagen.
2396 2086 2459 2119 (AC

1341 2133 1376 2158 22
1400 2131 1419 2158 f.
1442 2131 1506 2158 216‘
1528 2131 1581 2162 ss).
1603 2130 1637 2157 ln
1659 2131 1765 2157 consist.
1789 2135 1887 2156 secreto
1910 2129 1945 2155 27
1968 2127 2044 2155 Febr.
2070 2127 2140 2154 1679
2162 2126 2256 2154 habito
2278 2126 2356 2154 Sum.
2378 2125 2458 2153 Pont-

1340 2168 1498 2203 significavit
1525 2169 1551 2195 S.
1580 2167 1650 2196 0011.
1677 2177 1770 2199 pacem
1797 2169 1891 2194 initam
1920 2168 1950 2193 in
1977 2167 2026 2193 civ.
2053 2165 2172 2196 Nimeqa
2198 2162 2363 2192 Hollandiae
2389 2165 2460 2191 inter

1340 2205 1505 2238 Leopoldum
1529 2205 1643 2233 electum
1666 2207 1850 2235 imperatorem
1874 2211 1900 2232 et
1922 2202 2088 2231 Ludovicum
2112 2203 2176 2230 XIV
2197 2212 2285 2236 regem
2308 2200 2457 2229 Galliarum

1342 2245 1413 2272 (Vat.
1433 2245 1490 2271 Lat.
1515 2245 1604 2270 12340
1624 2243 1644 2270 f.
1667 2242 1721 2270 83).
1742 2245 1760 2270 2
1779 2241 1831 2269 Iul.
1855 2242 1924 2269 1679
1944 2244 1974 2268 in
1993 2241 2048 2268 bas.
2069 2241 2131 2268 Vat.
2152 2239 2185 2268 ad
2205 2239 2286 2268 altare
2307 2237 2460 2268 Cathedme

1340 2281 1438 2309 lectum
1461 2281 1514 2309 fuit
1535 2282 1618 2309 Breve
1639 2280 1842 2308 beatificationis
1862 2291 1924 2307 ven.
1946 2280 2021 2307 Servi
2043 2279 2095 2306 Dei
2116 2278 2224 2306 Turibii
2245 2276 2279 2306 de
2300 2277 2460 2311 Momvdo

1341 2319 1456 2348 archiep.
1479 2320 1584 2346 Liman.
1607 2318 1636 2351 (1.
1657 2329 1680 2346 c.
1702 2318 1723 2346 f.
1747 2319 1781 2345 89
1804 2317 1844 2346 5.).
1867 2318 1900 2345 In
1921 2319 2026 2345 consist.
2048 2323 2148 2344 secreto
2170 2317 2186 2343 8
2208 2315 2266 2343 Ian.
2291 2315 2362 2343 1680
2383 2315 2458 2343 S.¹''''

1341 2358 1416 2384 D.N.
1441 2356 1599 2385 sionificavit
1622 2363 1719 2384 statum
1744 2363 1908 2389 praesentem
1933 2357 2007 2384 requi
2031 2354 2166 2386 poloniae,
2190 2356 2235 2381 cui
2258 2355 2383 2382 imminet
2404 2351 2460 2381 bel-

1341 2394 1397 2422 lum
1422 2406 1437 2422 a
1459 2394 1556 2422 Turcis
1579 2401 1607 2422 et
1629 2394 1687 2421 S.S.
1711 2393 1814 2421 hortata
1839 2400 1877 2421 est
1901 2395 2034 2426 principes
2057 2392 2214 2420 christianos
2237 2390 2271 2419 ad
2294 2389 2459 2419 mittendum

1341 2432 1470 2460 auxilium
1492 2431 1520 2461 (1.
1540 2443 1563 2459 c.
1583 2431 1603 2459 f.
1623 2431 1679 2462 98).
1698 2432 1732 2459 In
1750 2433 1856 2459 consist.
1876 2429 1985 2462 publico
2005 2431 2021 2457 8
2041 2430 2112 2462 Aug.
2135 2430 2206 2457 1680
2225 2435 2311 2457 orator
2329 2425 2458 2457 extraord-

1341 2470 1449 2497 Ioannis
1470 2470 1510 2497 III
1532 2469 1658 2497 Poloniae
1679 2471 1755 2503 regis,
1777 2467 1896 2496 eiusdem
1918 2470 2028 2496 nomine
2050 2468 2112 2495 S.¹¹¹⁰
2134 2467 2210 2495 D.N.
2232 2473 2259 2495 et
2279 2465 2344 2495 Sodi
2364 2465 2459 2501 Apost.

1341 2507 1457 2535 debitam
1480 2506 1675 2534 oboedientiam
1697 2508 1826 2541 praestitit
1849 2506 1911 2536 (AC
1933 2507 1967 2533 23
1991 2505 2010 2533 f.
2033 2504 2097 2536 47‘).
2119 2505 2152 2532 In
2174 2506 2280 2532 consist.
2302 2510 2401 2532 secreto
2425 2503 2458 2530 13

1342 2545 1398 2572 Ian.
1421 2545 1487 2572 1681
1509 2544 1601 2572 habito
1620 2545 1677 2572 S.S.
1696 2555 1844 2572 sermonem
1863 2543 1959 2571 habuit
1978 2542 2011 2570 ad
2030 2554 2082 2570 em.
2102 2541 2209 2570 card.¹⁶'
2230 2540 2264 2570 de
2281 2541 2369 2573 rebus.
2389 2550 2460 2571 uuae

1342 2589 1370 2614 in
1387 2585 1475 2613 Gallia
1493 2591 1641 2613 evenerunt
1657 2590 1747 2611 contra
1765 2584 1962 2609 immunitatem
1980 2580 2182 2608 ecclesiasticam
2201 2579 2273 2610 (Vat.
2291 2579 2349 2607 Lat.
2370 2579 2456 2606 12341

1342 2623 1362 2651 f.
1386 2623 1431 2650 4¹).
1455 2623 1487 2650 In
1511 2624 1616 2650 consist.
1640 2627 1738 2648 secreto
1761 2621 1798 2647 27
1822 2620 1895 2648 Sept.
1922 2619 1991 2646 1683
2014 2617 2107 2645 habito
2131 2618 2204 2645 S.'¹¹'¹¹
2229 2616 2306 2644 D.N.
2330 2615 2460 2651 signifiea-

1341 2663 1380 2688 vit
1408 2661 1435 2688 S.
1465 2659 1535 2688 Coll.
1565 2661 1701 2686 victoriam
1730 2658 1914 2684 Viennensem
1944 2654 1977 2683 de
2006 2655 2103 2682 Turcis
2131 2654 2268 2683 obtentam
2299 2653 2371 2686 (Vat.
2400 2653 2459 2681 Lat.

1345 2699 1434 2725 12340
1456 2697 1476 2724 f.
1499 2696 1582 2728 201‘).
1604 2696 1637 2723 In
1659 2697 1765 2723 consist.
1788 2701 1887 2721 secreto
1913 2694 1943 2720 15
1967 2693 2036 2720 Maii
2062 2693 2133 2719 1684
2155 2692 2213 2719 S.S.
2236 2692 2408 2719 annuntiavit
2429 2690 2459 2718 S.

1343 2735 1412 2763 0011.
1439 2741 1550 2761 mortem
1577 2733 1710 2769 Alphensi
1736 2731 1913 2766 Portugalliae
1939 2733 2006 2763 regis
2033 2729 2061 2761 (1.
2088 2740 2110 2757 c.
2137 2729 2157 2756 f.
2184 2728 2267 2760 214‘).
2293 2728 2328 2756 In
2352 2729 2459 2756 consist.

1342 2779 1440 2800 secreto
1470 2773 1502 2799 18
1529 2772 1610 2798 Mart.
1640 2770 1709 2797 1686
1735 2769 1827 2796 habito
1853 2769 1926 2796 S.'·¹·¹·
1953 2768 2029 2795 D.N.
2056 2766 2215 2802 significavit
2240 2765 2345 2793 Galliae
2370 2774 2459 2799 regem

1342 2820 1474 2837 revocasse
1493 2808 1610 2836 edictum
1629 2806 1796 2842 publicatum
1815 2808 1845 2833 in
1864 2804 1969 2833 saeculo
1988 2806 2136 2840 praeterito,
2156 2814 2211 2839 quo
2229 2803 2368 2831 haereticis
2387 2802 2460 2837 Ugo-

1343 2849 1423 2874 nottis
1445 2848 1486 2873 sui
1508 2847 1583 2881 regni
1604 2855 1668 2872 usus
1691 2850 1776 2871 sectae
1798 2842 1987 2871 Calvinisticae
2009 2841 2211 2877 permittebatur
2235 2839 2263 2872 (l.
2286 2850 2309 2868 c.
2332 2839 2352 2867 f.
2375 2837 2459 2870 248‘).

1342 2884 1376 2911 In
1397 2885 1502 2910 consist.
1526 2889 1624 2910 secreto
1650 2883 1682 2908 16
1706 2882 1779 2914 Sept.
1805 2880 1875 2907 1686
1899 2880 1926 2907 S.
1950 2880 1978 2906 S.
2001 2879 2080 2906 verba
2104 2878 2167 2906 fecit
2191 2888 2238 2913 pro
2261 2878 2460 2912 expugnatione

1340 2919 1435 2953 ,Budae
1454 2919 1546 2951 (Arch.
1566 2919 1643 2946 Caer.
1664 2919 1717 2946 557
1735 2917 1755 2944 f.
1778 2916 1839 2948 11‘).
1859 2917 1891 2944 In
1909 2919 2014 2944 consist.
2034 2922 2133 2943 secreto
2154 2917 2187 2942 12
2205 2914 2256 2942 Iul.
2279 2914 2349 2941 1688
2367 2913 2460 2941 habito

1343 2958 1415 2984 S.¹²¹·¹·
1441 2957 1516 2983 D.N.
1541 2957 1712 2983 annuntiavit
1736 2955 1763 2982 S.
1788 2953 1858 2982 Coll.
1882 2953 1973 2981 felices
1997 2962 2148 2988 progressus
2171 2951 2240 2979 cath.
2266 2949 2328 2978 fidei
2351 2952 2381 2978 in
2404 2949 2459 2977 An-

1342 2994 1394 3029 glia
1418 2993 1446 3026 (1.
1470 3004 1492 3021 c.
1516 2993 1536 3020 f.
1565 2992 1643 3024 115‘).
1666 2992 1699 3019 In
1722 2993 1827 3019 consist.
1851 2997 1950 3018 secreto
1973 2991 1989 3016 7
2013 2990 2088 3017 Febr.
2116 2990 2185 3016 1689
2209 2988 2300 3016 habito
2324 2988 2381 3015 S.S.
2406 2997 2458 3015 em.

1342 3030 1448 3058 card-'²¹¹¹
1475 3029 1634 3066 significavit
1656 3028 1805 3056 infortunia
1830 3030 1897 3063 regis
1922 3027 2036 3062 Angliae
2061 3034 2087 3054 et
2112 3033 2213 3060 quanta
2239 3035 2286 3061 pro
2311 3023 2364 3052 fide
2387 3022 2458 3051 eath-

1342 3077 1434 3103 passus
1454 3069 1487 3095 sit
1509 3066 1601 3100 (Arch.
1624 3067 1701 3094 Caer.
1724 3066 1777 3093 542
1798 3064 1818 3092 f.
1841 3064 1914 3096 324).
