2522 3476
1 578 19 623 g

0 669 23 735 ἒ

0 735 38 910 ξ».

0 1029 18 1042 „2
22 1026 24 1029 ,

0 1199 19 1251 {J

1031 593 1413 649 PRAEFATIO

198 759 365 802 Postquam
384 757 421 789 A.
443 758 479 790 R.
501 757 534 789 P.
555 757 642 800 Mag.
663 757 812 789 Patricius
832 756 978 789 Gauchat
999 755 1239 793 O.F.M.C0nv.,
1259 758 1333 787 torni
1351 758 1452 799 quarti
1474 756 1692 788 «Hierarchiae
1710 756 1907 788 Catholicae»
1929 756 2026 789 editor
2046 757 2241 794 (Monasterii
2264 757 2363 795 1935),

77 812 174 846 Roma
194 811 349 844 discedere
370 819 401 843 et
422 810 461 843 ad
482 822 570 843 suam
591 813 721 854 patriam
742 809 968 847 Americanam,
991 809 1132 841 infirmae
1153 808 1338 841 valetudinis
1363 820 1462 846 causa,
1488 820 1622 840 remeare
1646 817 1768 841 coactus
1793 810 1863 847 fuit,
1889 822 1968 842 onus
1991 812 2091 853 operis
2115 810 2322 853 prosequendi
2347 822 2363 842 a

77 865 204 898 Rev.mo
225 864 257 896 P.
282 863 368 908 Mag.
392 863 475 896 Beda
496 863 557 895 M?
580 864 671 901 Hess,
694 863 841 895 Ministro
863 862 1009 895 Generali
1032 862 1160 895 Ordinis
1182 862 1323 895 Fratrum
1342 861 1506 894 Minorum
1526 862 1802 900 Conventualium,
1822 862 1911 894 nobis
1930 862 2129 906 infrascriptis
2150 875 2174 894 a.
2201 863 2277 895 1937
2297 875 2366 895 con-

75 917 226 951 creditum
246 925 299 950 est.
323 917 384 949 Sed
405 917 499 949 huius
521 919 595 949 tomi
618 919 720 960 quinti
741 915 985 960 publicationem
1007 924 1074 948 turn
1095 927 1200 959 graves
1221 917 1426 947 recentiorum
1449 927 1602 947 annorum
1624 915 1798 947 mundiales
1819 924 1949 948 eventus
1971 924 2038 948 tum
2059 918 2152 948 etiam
2173 927 2364 948 succrescens

77 972 111 1003 in
135 969 201 1003 dies
227 969 387 1002 archivalis
413 972 539 1002 materia
565 969 766 1002 retardarunt.

198 1026 284 1059 Cum
305 1027 472 1069 praesentis
493 1026 592 1068 operis
613 1035 630 1056 a
651 1022 688 1055 cl.
711 1023 749 1056 C.
774 1022 874 1055 Eubel
896 1022 1126 1056 O.F.M.Conv.
1149 1025 1284 1067 incoepti
1304 1023 1424 1056 indoles
1443 1032 1474 1056 et
1492 1026 1568 1056 ratio
1587 1023 1732 1056 omnibus
1752 1023 1879 1055 eruditis
1898 1025 1970 1055 viris
1990 1025 2060 1055 satis
2079 1026 2140 1056 iarn
2160 1025 2363 1061 innotescant,

76 1087 212 1124 superest
231 1087 267 1112 ut
285 1078 325 1111 de
344 1077 484 1120 fontibus
503 1086 533 1109 et
553 1076 709 1114 methodo,
730 1075 845 1120 quibus
864 1078 912 1109 usi
932 1088 1048 1115 sumus,
1069 1076 1200 1109 breviter
1219 1076 1366 1109 dicamus.

199 1179 360 1223 Praecipui
392 1178 520 1211 Formas
533 1178 557 1216 ¹)
589 1177 628 1210 ad
659 1177 754 1210 huius
785 1179 860 1209 tomi
891 1176 1151 1220 compilationem,
1184 1188 1222 1208 ex
1249 1176 1424 1209 Tabulariis
1447 1177 1604 1209 Vaticanis
1628 1177 1793 1220 desumpti,
1819 1176 1913 1209 iidem
1938 1184 2020 1215 sunt,
2045 1179 2100 1220 qui
2125 1178 2158 1208 in
2182 1175 2364 1219 praeceden-

77 1232 158 1267 tibus
179 1235 277 1271 tomis,
299 1234 476 1276 praesertim
499 1233 573 1263 torni
595 1233 705 1274 quarti,
728 1232 869 1262 recensiti
891 1229 1054 1262 habentur.
1078 1230 1119 1262 Iis
1140 1229 1192 1262 alii
1221 1232 1318 1262 novi
1346 1229 1490 1262 fontes
1518 1229 1653 1262 addendi
1675 1238 1756 1267 sunt,
1778 1241 1816 1261 ex
1835 1229 2004 1261 Pontificiis
2023 1228 2165 1261 Archivis
2184 1231 2296 1272 pariter
2315 1228 2365 1260 de-

77 1288 219 1331 prompti,
245 1297 323 1329 quos
349 1296 437 1317 nunc
463 1286 599 1328 primurn
627 1283 783 1327 explorare
810 1283 907 1321 licuit,
936 1286 1113 1327 praesertim

245 1338 272 1376 1)
298 1338 506 1370 «Consistoria
529 1337 679 1369 Secreta».
704 1337 839 1380 Copiosa
862 1336 938 1368 haec
960 1344 1098 1369 actorum
1121 1338 1220 1373 series,
1242 1338 1274 1367 in
1295 1335 1396 1368 fundo
1417 1335 1628 1367 Consistoriali
1649 1334 1809 1367 Tabularii
1830 1335 1972 1367 Vaticani
1993 1342 2141 1367 asservata
2160 1342 2191 1366 et
2210 1346 2310 1378 usque
2330 1336 2364 1366 in

77 1402 218 1436 praesens
237 1390 303 1423 fere
321 1390 519 1434 inexplorata,
539 1402 620 1434 quae
639 1389 678 1422 ab
698 1402 781 1422 anno
805 1389 882 1422 1489
902 1401 1002 1433 usque
1022 1389 1060 1421 ad
1081 1401 1201 1422 annum
1225 1388 1302 1420 1896
1321 1388 1515 1432 pertrahitur,
1535 1387 1638 1432 plures
1658 1390 1781 1420 notitias
1800 1387 1889 1420 nobis
1908 1387 2124 1431 suppeditavit,
2144 1386 2364 1419 consistoriales

76 1446 262 1488 provisiones
280 1452 461 1488 spectantes,
481 1455 561 1487 quae
580 1446 613 1475 in
636 1443 730 1475 «Acta
749 1443 937 1476 camerarii»
958 1441 1220 1475 desiderabantur.

240 1496 272 1535 2)
295 1496 492 1529 Documenta
514 1499 547 1528 in
570 1496 667 1529 tribus
688 1495 900 1529 voluminibus
923 1495 1059 1534 collecta,
1082 1507 1163 1539 quae
1185 1493 1275 1527 titulo
1303 1509 1315 1523 «
1330 1494 1592 1536 Congregationes
1617 1493 1850 1526 Consistoriales
1863 1509 1875 1522 »
1902 1501 2058 1532 notantur,
2083 1501 2156 1526 sunt
2180 1501 2246 1525 acta
2270 1495 2365 1536 ipsius

78 1549 107 1583 S.
133 1549 390 1594 Congregationis
415 1549 651 1588 Consistorialis,
677 1561 758 1593 quae
783 1552 816 1582 in
841 1549 963 1582 officiali
988 1548 1169 1581 collectione
1197 1547 1298 1579 «Acta
1323 1547 1580 1591 Congregationis
1605 1546 1831 1579 Consistorialis
1846 1562 1857 1576 »
1885 1559 1923 1578 ex
1947 1555 2032 1590 parte
2058 1546 2178 1579 desunt.

243 1602 274 1641 3)
298 1602 368 1635 Alia
392 1606 485 1635 sectio
508 1602 648 1635 eiusdem
672 1602 765 1635 fundi
790 1601 1026 1640 Consistorialis,
1053 1601 1149 1634 tribus
1173 1599 1386 1634 voluminibus
1404 1608 1548 1632 constans
1567 1600 1657 1633 titulo
1680 1613 1690 1624 α
1704 1599 1861 1643 Epistulae
1882 1600 2033 1641 Regiae»,
2054 1608 2098 1632 est
2117 1599 2255 1632 collectio
2275 1611 2365 1643 quae-

20 1696 26 1698 ·
76 1655 147 1688 dam
174 1655 362 1700 incompleta
389 1656 639 1688 authenticarum
667 1655 837 1688 litterarum
865 1656 1047 1699 Principum
1075 1654 1286 1691 saecularium,
1310 1665 1390 1697 quae
1412 1662 1509 1696 agunt
1530 1653 1569 1686 de
1591 1653 1897 1697 praesentationibus,
1920 1653 2193 1691 nominationibus,
2216 1652 2366 1696 supplica-

79 1708 215 1742 tionibus
236 1709 275 1742 ad
297 1709 384 1742 sedes
404 1709 591 1753 episcopales
614 1710 702 1747 (saec.
725 1708 824 1748 XVII,
847 1709 962 1748 XVIII,
984 1709 1077 1747 XIX).

240 1765 272 1804 4)
298 1765 384 1798 Cum
415 1780 427 1794 ιι
441 1765 547 1796 Diaria
572 1764 794 1805 Magistrorum
821 1763 1134 1801 caeremoniarum»,
1162 1765 1195 1795 in
1221 1762 1416 1806 praecedenti
1442 1762 1602 1795 volumine
1628 1761 1804 1805 apparando
1831 1760 1945 1793 utiliter
1971 1763 2032 1792 iam
2058 1759 2204 1797 adhibita,
2231 1771 2364 1802 quorum

76 1822 144 1863 par's
169 1821 203 1851 in
229 1821 363 1851 sectione
390 1818 677 1861 Manuscriptorum
704 1816 913 1849 Bibliothecae
939 1816 1108 1848 Vaticanae
1134 1815 1361 1854 custodiuntur,
1381 1828 1446 1847 non
1465 1817 1647 1859 perveniant
1666 1817 1725 1846 nisi
1746 1814 1784 1846 ad
1804 1826 1924 1846 annum
1948 1813 2034 1851 1688,
2054 1825 2109 1856 pro
2129 1811 2365 1855 insequentibus

76 1874 165 1904 annis
187 1883 265 1915 opus
288 1870 350 1903 fuit
374 1871 551 1902 Diariorum
574 1872 674 1908 series,
698 1881 808 1913 parum
831 1869 879 1901 vel
903 1868 1010 1901 leviter
1033 1868 1198 1912 hucusque
1223 1868 1400 1912 exploratas,
1425 1870 1458 1900 in
1481 1870 1604 1911 proprio
1626 1867 1761 1899 Archivo
1786 1867 1815 1899 S.
1841 1867 2096 1909 Congregationis
2121 1863 2362 1897 Caeremonialis

76 1927 263 1968 perscrutari.

199 1977 336 2021 Opera
365 1979 478 2020 typis
506 1979 709 2020 impressa
739 1975 918 2008 subsidiaria
940 1983 1062 2008 tantum
1082 1977 1200 2007 ratione
1221 1974 1358 2006 adhibita
1379 1982 1461 2012 sunt,
1483 1973 1606 2012 scilicet,
1628 1982 1782 2017 quantum
1804 1973 1868 2005 fieri
1890 1974 2000 2016 potuit,
2022 1971 2060 2004 ad
2082 1971 2298 2015 geographicas
2318 1972 2363 2002 in-

75 2029 242 2063 dicationes
263 2030 383 2063 sedium
405 2029 577 2063 titularium
596 2029 645 2062 vel
667 2029 706 2062 ad
727 2029 882 2062 uberiores
902 2037 990 2061 notas
1011 2028 1050 2061 de
1071 2027 1253 2061 Praesulum
1270 2027 1396 2059 decessu
1414 2026 1643 2070 comparandas,
1663 2038 1743 2070 quae
1760 2029 1793 2058 in
1812 2026 1997 2058 authenticis
2014 2024 2207 2057 documentis
2224 2036 2262 2056 ex
2281 2031 2364 2066 parte

75 2082 124 2116 vel
143 2095 181 2116 ex
201 2091 264 2116 toto
283 2083 503 2116 desiderantur.
526 2083 695 2126 Praecipua
716 2082 895 2115 huiusmodi
915 2093 1016 2125 opera,
1037 2081 1168 2114 breviori
1189 2080 1280 2114 modo
1303 2080 1342 2112 ad
1365 2079 1480 2111 calcem
1503 2078 1724 2123 episcopalium
1747 2079 1867 2111 sedium
1891 2081 2011 2121 saepius
2034 2080 2133 2115 citata,
2157 2076 2250 2120 pleno
2275 2075 2364 2108 titulo

77 2144 274 2169 recensentur
294 2144 362 2180 post
382 2135 529 2180 siglorum
549 2135 687 2168 Fontium
708 2143 922 2179 conspectum:
950 2146 1031 2178 quae
1052 2146 1124 2167 vero
1145 2146 1201 2178 pro
1221 2145 1285 2165 una
1302 2141 1423 2165 tantum
1440 2132 1571 2164 alterave
1587 2132 1717 2164 dioecesi
1735 2134 1825 2163 citata
1843 2139 1923 2169 sunt,
1942 2134 1974 2162 in
1992 2132 2165 2173 respectivis
2182 2129 2254 2161 locis
2271 2128 2363 2172 plene

78 2188 262 2222 indicantur.

200 2286 409 2319 Min-nonum
437 2290 470 2319 in
499 2287 558 2319 hoc
586 2295 669 2319 torno
696 2289 807 2330 quinto
835 2288 987 2330 persecuti
1015 2298 1131 2324 sumus,
1160 2296 1255 2329 quam
1279 2283 1523 2327 praedecessores
1549 2285 1643 2315 nostri
1670 2285 1703 2314 in
1729 2282 1879 2326 prioribus
1905 2281 2116 2314 voluminibus
2142 2288 2309 2313 tenuerunt
2335 2288 2365 2311 et

79 2341 193 2383 experti
216 2342 272 2372 viri
295 2339 470 2372 laudarunt.
496 2340 611 2373 Iuverit
634 2348 738 2372 autem
761 2339 837 2372 haec
861 2351 959 2383 pauca
982 2338 1136 2371 adnotare.
1832 2369 1834 2371 ,

246 2395 273 2434 1)
300 2394 545 2436 Chronologicae
572 2393 785 2431 indicationes,
812 2392 851 2425 ad
877 2401 964 2425 notas
991 2394 1156 2436 appositae,
1183 2391 1223 2424 de
1247 2391 1427 2424 Praesulum
1452 2400 1530 2430 ortu,
1556 2391 1717 2434 baptismo,
1743 2390 1945 2426 ordinatione,
1973 2390 2164 2432 promotione
2190 2386 2228 2418 ad
2254 2385 2365 2429 gradus

78 2448 265 2482 academicos
285 2456 339 2481 aut
359 2448 398 2481 ad
417 2447 515 2480 officia
536 2447 659 2491 speciali
680 2449 839 2478 mentione
859 2445 963 2489 digna,
984 2445 1033 2478 vel
1054 2445 1094 2478 de
1113 2444 1263 2477 electione
1280 2445 1318 2477 ad
1335 2444 1507 2488 episcopale
1522 2443 1658 2476 officium
1675 2455 1729 2487 per
1745 2442 1884 2486 Capituli
1902 2450 2017 2479 votum,
2035 2449 2065 2473 et
2082 2440 2158 2472 aliae
2176 2438 2364 2476 huiusmodi,

79 2512 117 2534 ex
136 2501 322 2534 authenticis
342 2501 536 2534 documentis
556 2500 756 2544 depromptae
777 2507 863 2532 sunt:
890 2510 948 2531 nec
970 2507 1073 2530 tamen
1095 2497 1184 2530 nobis
1204 2500 1348 2541 oportuit,
1380 2497 1535 2529 brevitatis
1566 2508 1666 2534 causa,
1698 2499 1731 2527 in
1763 2495 1891 2538 singulis
1922 2494 2041 2526 casibus
2072 2493 2257 2525 documenta
2289 2491 2364 2523 haec

80 2554 168 2593 (fides
192 2557 358 2587 nativitatis
383 2554 432 2587 vel
458 2554 657 2598 baptismatis,
684 2553 802 2585 litterae
828 2560 976 2596 patentes,
1003 2551 1139 2595 diploma
1165 2550 1317 2584 doctorale
1340 2550 1410 2588 etc.)
1435 2563 1554 2594 semper
1577 2552 1761 2582 nominatim
1785 2548 1938 2585 exhibere,
1963 2559 2042 2590 quae
2066 2548 2123 2589 ipsi
2147 2544 2301 2577 candidati
2326 2543 2364 2575 ad

80 2606 297 2651 Episcopatum
323 2607 380 2640 sibi
406 2618 568 2651 procurare
594 2606 780 2644 debuerunt,
807 2613 838 2638 et
864 2607 897 2637 in
924 2604 1114 2649 processibus
1140 2604 1343 2636 informativis
1369 2603 1417 2635 vel
1444 2606 1523 2635 inter
1552 2617 1563 2632 α
1577 2602 1654 2634 Acta
1680 2602 1935 2645 Congregationis
1961 2598 2187 2632 Consistorialis
2201 2612 2212 2626 »
2241 2599 2364 2639 reperiri

81 2668 208 2703 possunt
233 2660 304 2699 (nisi
328 2660 407 2692 forte
430 2660 572 2692 distracta
596 2659 735 2697 fuerint).

245 2714 276 2752 2)
301 2714 351 2746 Ad
376 2713 481 2745 Bullas
506 2722 610 2746 autem
635 2715 698 2745 sive
723 2714 884 2744 erectionis
908 2723 1058 2743 novarum
1083 2710 1204 2743 sedium
1223 2712 1286 2742 sive
1311 2710 1492 2752 provisionis
1516 2707 1706 2745 Praesulum,
1733 2714 1809 2750 quot
1834 2708 1951 2743 attinet,
1978 2716 2032 2736 eae
2058 2712 2179 2735 tantum
2205 2714 2285 2745 quae
2310 2713 2364 2744 per

81 2766 277 2799 Secretariam
302 2767 447 2799 Brevium
469 2766 717 2810 Apostolicorum
740 2764 993 2809 expediebantur,
1017 2767 1051 2796 in
1075 2765 1249 2807 respectivis
1270 2764 1350 2795 notis
1372 2761 1558 2799 indicantur,
1581 2763 1655 2804 quia
1677 2768 1799 2792 tantum
1822 2759 1897 2791 haec
1920 2761 2009 2790 series
2032 2756 2191 2789 Bullarum
2214 2754 2364 2798 completa

82 2827 256 2853 asservatur.

197 2990 216 3022 ²)
244 2991 287 3019 De
314 2990 490 3018 archivalibus
518 2991 639 3018 fontibus
665 2990 747 3018 huius
775 2992 860 3026 operis
891 3002 900 3014 «ι
915 2989 1071 3017 Hierarchia
1100 2987 1239 3016 Catholica
1272 2985 1359 3014 Medii
1393 2993 1419 3013 et
1453 2986 1615 3012 Recentioris
1649 2984 1716 3011 Aevi
1730 2997 1739 3007 u
1778 2983 1864 3010 fusius
1899 2981 2001 3009 disserit
2035 2982 2186 3008 REMrcrus
2222 2980 2355 3022 RrTZLEn,

88 3026 294 3059 0.F.M.Conv.‚
314 3028 367 3055 Die
387 3026 596 3054 archivalischen
616 3026 736 3061 Quellen
757 3025 804 3054 der
827 3039 837 3051 α
851 3025 1008 3053 Hierarchia
1029 3024 1168 3053 Catholica
1181 3037 1203 3057 n,
1223 3026 1265 3051 in:
1288 3022 1461 3050 Miscellanea
1478 3021 1641 3049 archivistica
1657 3019 1761 3055 Angelo
1779 3020 1891 3046 Mercati
1909 3019 2005 3051 (Roma
2025 3017 2104 3049 1952)
2121 3033 2130 3036 -
2147 3015 2225 3044 Studi
2242 3026 2256 3044 e
2273 3015 2355 3048 Tesn,

67 3061 118 3090 vol.
139 3065 258 3099 proxime
279 3065 309 3091 in
330 3063 418 3091 lucem
440 3062 572 3099 prodiens.
