2522 3476
1137 617 1268 650 NIHIL
1293 616 1466 649 OBSTAT

668 698 714 730 Ex
738 706 823 742 parte
848 697 976 730 Ordinis
1002 696 1082 729 nihil
1107 696 1215 735 obstat,
1242 699 1410 740 quominus
1435 695 1567 728 Tomus
1594 695 1761 735 Qumws
1788 697 1888 739 operis
1917 709 1929 724 α
1943 695 2022 727 Huz-

583 762 724 783 nArzcfflA
757 751 948 784 CA-moucA
982 751 1088 782 MEnn
1119 761 1160 781 ET
1193 750 1414 782 RECENnoms
1450 749 1559 781 AEv1»
1595 748 1634 781 ab
1665 748 1844 781 A.R.P.M.⁰
1878 748 2020 789 Remigio

584 804 699 837 Ritzler
720 813 751 836 et
774 816 791 836 a
815 804 887 837 ΒΡ.
911 804 1049 835 Pirmino
1074 803 1187 845 Sefrz'n,
1212 802 1340 835 Ordinis
1363 805 1458 835 nostri
1484 801 1708 840 Sacerdotibus,
1733 813 1772 834 ex
1794 801 1926 845 regulari
1950 801 2020 834 Pro-

583 860 684 890 vincia
706 857 878 902 Argentina
902 857 932 889 S.
958 856 1115 889 Elisabeth
1138 859 1171 888 in
1195 856 1373 894 Germania,
1397 855 1590 900 compilatus,
1614 858 1737 888 servatis
1760 857 1867 887 ceteris
1890 854 1930 887 de
1953 857 2020 887 iure

585 910 749 949 servandis,
774 913 854 954 typis
878 910 1057 942 demandari
1081 918 1112 942 et
1136 909 1253 953 publici
1278 912 1352 943 iuris
1376 909 1445 941 fieri
1470 911 1572 953 possit.

667 964 704 996 In
731 976 864 1008 quorum
891 963 986 996 fidem
1012 972 1068 996 etc.

585 1053 704 1086 Datum
726 1053 858 1091 ROMAE,
880 1051 920 1084 ad
942 1052 996 1084 SS.
1020 1051 1079 1083 Xll
1101 1051 1273 1094 Apostolos,

584 1106 635 1139 die
658 1107 692 1138 13
711 1108 825 1138 mensis
844 1106 927 1138 Iunii
947 1108 1021 1138 anni
1045 1105 1123 1137 1952

586 1163 620 1191 in
643 1159 720 1201 festo
743 1159 773 1191 S.
795 1159 926 1191 Antonii
948 1159 1098 1196 Patavini,
1122 1158 1263 1190 Doctoris
1285 1157 1462 1200 Evangelici

1428 1247 1480 1280 Fu.
1505 1247 1620 1280 BEDA
1642 1247 1703 1279 M.·
1727 1247 1835 1280 HESS

1466 1301 1614 1333 Minister
1637 1300 1799 1334 Generalis

1247 1353 1376 1386 Ordinis
1402 1353 1540 1386 Fratrum
1565 1354 1730 1386 Minorum
1755 1353 2023 1386 Conventualium

1155 1781 1449 1815 IMPRIMATUR

1056 1863 1198 1901 Pin-mvn,
1221 1862 1271 1895 die
1293 1863 1334 1894 20
1356 1862 1439 1894 Iunii
1466 1862 1544 1894 1952

1582 1940 1607 1982 J.
1630 1940 1815 1979 PRETTO,
1836 1941 1908 1973 V1c.
1932 1940 2017 1973 GEN.

1215 2055 1311 2106 ΙΞΧ

1229 2136 1425 2190 &kefin

1235 2221 1415 2270 5543

1246 2298 1439 2347 equ}

1250 2370 1374 2419 mg

1057 2521 1287 2549 PROPRIETAS
1314 2521 1543 2549 LITTERARIA

795 2592 893 2619 Curiae
919 2592 1098 2620 Generalitiae
1125 2592 1235 2620 Ordinis
1261 2592 1381 2620 Fratrum
1409 2594 1549 2620 Minorum
1576 2591 1805 2620 Conventualium

966 2638 1074 2670 Romae,
1097 2640 1127 2665 in
1148 2645 1284 2665 conventu
1307 2638 1354 2665 SS.
1376 2638 1426 2665 XII
1448 2638 1637 2674 Apostolorum

908 2753 947 2780 Ex
969 2753 1157 2789 Typographia
1184 2766 1194 2778 α
1207 2753 1230 2780 ΙΙ
1254 2754 1422 2790 Messaggero
1445 2753 1472 2781 di
1496 2755 1523 2782 S.
1546 2754 1667 2782 Antonio
1680 2767 1689 2778 n

700 2799 853 2825 Provinciae
876 2799 1019 2826 Patavinae
1042 2799 1069 2825 S.
1093 2799 1206 2826 Antonii
1229 2798 1339 2826 Ordinis
1363 2799 1483 2826 Fratrum
1508 2800 1648 2827 Minorum
1673 2799 1902 2827 Conventualium

969 2843 1042 2879 apud
1066 2843 1204 2871 Basilicam
1230 2845 1257 2871 S.
1282 2844 1507 2872 Antonii-Patavii
1534 2844 1630 2877 (Italia)
