2522 3476
1054 557 1356 629 Appendix
1393 560 1417 613 Ι

319 682 511 735 Episcopi
538 681 732 723 titulares
763 684 837 735 qui
866 684 990 723 annis
1020 685 1124 724 1667
1153 707 1170 715 -
1199 685 1304 725 1730
1331 684 1593 739 suffraganei
1621 699 1698 728 seu
1726 687 1952 728 auxiliares
1981 687 2156 729 fuerunt

318 751 395 785 aut
431 746 478 784 in
506 744 650 797 aliquo
687 745 896 786 territorio
926 745 1035 785 nulli
1063 745 1245 787 dioecesi
1283 747 1471 789 subiecto
1510 748 1843 790 iurisdictionem
1878 757 2156 791 exercuerunt

3 1093 10 1096 --
22 1135 26 1138 .
92 1109 255 1142 Albanen.

92 1157 313 1187 Beneventan.

92 1201 235 1231 Brixien.

92 1245 259 1275 Brixinen.

92 1290 218 1319 Ostien.
248 1297 282 1319 et
313 1290 514 1321 Veliternen.

91 1378 241 1409 Sabinen.

89 1511 277 1542 Tridentin.

88 1768 232 1800 Abulen.

87 1816 287 1849 Bracharen.

88 1866 232 1904 Burgen-

87 1962 391 2000 Caesaraugustam

87 2006 272 2038 Calaritan.

87 2053 299 2086 Colimbrien.

87 2102 342 2140 Compostellan.

87 2148 252 2180 conchen.

87 2196 278 2228 Corduben.

87 2242 239 2274 Elboren.

88 2339 192 2369 Goan.

87 2385 257 2424 Hispalen.

88 2529 117 2558 S.
145 2529 256 2559 Iacobi
283 2530 323 2560 de
349 2531 446 2562 Cuba

87 2576 212 2606 Liman-

87 2668 127 2699 de
151 2669 276 2700 Manila

16 2716 18 2718 ’
86 2717 237 2748 Nominis
262 2720 337 2749 Iesu

87 2763 268 2796 Placentin-

86 2812 254 2850 Segobien.

87 2859 259 2897 Seguntin.

16 2917 20 2920 >
87 2905 298 2938 Tarraconen
303 2931 310 2939 .

87 2952 237 2985 Toletan.

787 934 845 980 A)
878 934 1065 980 Episcopi
1091 932 1283 972 titulares
1311 949 1420 972 mere
1448 935 1669 974 auxiliares

1072 1024 1115 1069 1)
1158 1026 1205 1060 In
1237 1023 1359 1061 Italia

593 1111 732 1154 Angelus
756 1111 908 1144 Grimaldi
932 1111 1119 1143 Methonen.
1149 1113 1225 1144 1679

593 1156 724 1188 Ioannes
747 1156 786 1188 de
811 1156 954 1188 Nicastro
979 1156 1241 1199 Claudiopolitan.
1271 1158 1348 1189 1724

593 1200 770 1232 Franciscus
794 1200 996 1244 Martinengo
1019 1201 1201 1244 Martyrien.
1231 1202 1303 1233 1711

590 1244 768 1277 Guilelmus
791 1257 851 1276 von
876 1245 998 1277 Vintler
1021 1246 1182 1287 Megaren.
1213 1246 1284 1277 1681
1312 1265 1321 1268 -
1346 1245 1559 1278 Ferdinandus
1579 1245 1727 1289 Iosephus
1746 1259 1806 1278 von
1828 1247 2021 1279 Sarentheim
2042 1247 2278 1291 Hypsopolitan.
2304 1249 2380 1281 1727

593 1289 691 1321 Iulius
714 1289 847 1322 Martius
871 1289 1080 1332 Heliopolien.
1110 1291 1185 1322 1693
1208 1309 1217 1312 -
1241 1290 1391 1322 Nicolaus
1414 1290 1566 1333 Tercaghi
1589 1290 1755 1322 samarian.
1783 1291 1858 1323 1718
1879 1310 1888 1314 -
1909 1292 2083 1324 Ioachimus
2104 1293 2205 1325 Maria
2226 1293 2300 1325 Oldi
2323 1294 2380 1325 Ca-

697 1336 818 1365 storien.
850 1335 924 1366 1725
951 1353 961 1356 -
986 1335 1156 1367 Caietanus
1181 1335 1220 1367 de
1246 1335 1349 1367 Paulis
1376 1335 1527 1366 camden.
1555 1335 1630 1366 1726

592 1378 745 1411 Camillus
770 1379 972 1410 Sanseverino
998 1378 1185 1410 Salaminem.
1215 1380 1291 1411 1676
1316 1399 1324 1401 -
1350 1379 1476 1423 Ulysses
1503 1381 1588 1412 Rossi
1616 1380 1803 1412 Salaminen.
1836 1381 1907 1412 1681
1937 1400 1946 1403 -
1972 1381 2122 1414 Ascanius
2149 1381 2228 1413 Blasi
2256 1381 2379 1413 Salami-

695 1434 768 1454 nen.
800 1424 876 1454 1702
902 1442 911 1445 -
935 1423 1111 1456 Venantius
1138 1424 1214 1455 Simi
1242 1423 1429 1455 Salaminem.
1462 1426 1536 1455 1705
1566 1444 1575 1447 -
1604 1425 1710 1457 Simon
1739 1425 1866 1457 Marcus
1893 1425 2058 1457 Palmerini
2087 1426 2269 1457 Heracleen.
2303 1427 2377 1458 1713

694 1486 704 1489 -
728 1467 898 1500 Flaminius
922 1468 1028 1500 Dondi
1051 1467 1230 1499 Abderitan.
1260 1470 1336 1500 1717
1360 1487 1369 1490 -
1392 1469 1549 1501 Antonius
1573 1469 1674 1501 Maria
1699 1470 1827 1501 Santoro
1853 1470 2019 1501 Samariam.
2049 1471 2123 1502 1725

592 1511 744 1588 Georgiliqils
769 1512 987 1588 Sigismliggus
1010 1525 1070 1544 von
1096 1512 1274 1556 Sinersperg
1299 1513 1509 1555 Nicopolitaiz.
1537 1514 1612 1544 1693
1633 1533 1641 1535 μ
1664 1514 1794 1546 Ioannes
1816 1514 1954 1546 Michael
1975 1514 2178 1546 Wenceslaus
2199 1527 2258 1547 von
2282 1515 2381 1558 Spaur

734 1568 845 1587 wssen.

765 1683 811 1729 2)
844 1686 891 1720 In
916 1685 1117 1729 Hispania
1142 1694 1184 1721 et
1209 1686 1421 1721 Lusitania
1446 1694 1488 1721 et
1514 1683 1679 1721 coloniis

590 1771 770 1815 Alphonsus
795 1772 834 1804 de
859 1772 988 1815 Aguayo
1015 1773 1189 1804 Caesarien.
1221 1773 1298 1804 1672

590 1819 746 1851 Antonius
774 1819 889 1851 Botado
917 1819 1099 1862 Hipponen.
1132 1820 1208 1851 1696
1236 1839 1244 1841 -
1272 1819 1447 1852 Ludovicus
1476 1818 1600 1850 Alvares
1626 1818 1665 1851 de
1692 1818 1873 1862 Figueiredo
1902 1819 2136 1862 Uranopolitan.
2168 1820 2244 1852 1716

590 1867 720 1898 Ioannes
748 1867 846 1898 Szienz
872 1866 911 1899 de
936 1867 1094 1899 Valatorre
1120 1866 1276 1898 Panaden.
1309 1867 1382 1899 1675
1411 1886 1421 1889 -
1448 1866 1700 1898 Bartholomaeus
1723 1866 1762 1898 de
1786 1866 1932 1898 Mesones
1958 1867 2114 1898 Rovcmen.
2145 1868 2220 1899 1697
2244 1886 2253 1889 -
2277 1868 2377 1910 Ange-

693 1914 741 1946 lus
769 1915 878 1946 Benito
907 1914 1118 1957 Titiopolitan.
1153 1915 1229 1946 1720

590 1961 774 1993 Laurentius
800 1961 839 1993 de
867 1961 1055 2005 Armengual
1082 1961 1132 1993 del
1159 1962 1238 1993 Pino
1265 1962 1445 2004 Dionysien.
1481 1961 1552 1991 1701
1581 1979 1590 1982 -
1614 1961 1781 2004 Gregorius
1805 1960 1942 1993 Galindo
1965 1960 2120 1993 Aulonen.
2151 1962 2227 1993 1726

590 2009 721 2040 Isidorus
749 2009 895 2040 Masones
922 2021 940 2052 y
967 2009 1035 2040 Nin
1064 2008 1226 2040 Cardicen.
1259 2010 1334 2040 1703
1363 2028 1372 2031 -
1398 2009 1539 2040 Andreas
1563 2007 1680 2039 Sellent
1702 2007 1858 2040 Adranen.
1887 2009 1964 2040 1712

590 2056 697 2087 Petrus
719 2068 733 2087 a
758 2056 787 2087 S.
811 2056 987 2099 Augustino
1010 2056 1224 2087 constantien.
1253 2057 1325 2088 1671

590 2102 738 2145 Iosephus
764 2102 920 2135 Antonius
946 2103 1035 2146 Jaspe
1062 2103 1270 2146 Montenegro
1297 2104 1425 2134 Prisren.
1458 2104 1533 2134 1705

588 2150 718 2181 Ioannes
742 2150 780 2182 de
805 2150 848 2182 las
873 2151 971 2182 Perias
996 2150 1201 2193 Calydonien.
1231 2151 1305 2182 1723
1331 2170 1340 2173 -
1364 2151 1471 2183 Petrus
1493 2150 1531 2182 de
1555 2150 1646 2182 Lossa
1670 2163 1688 2193 y
1711 2150 1822 2182 Valero
1845 2150 1956 2182 Arcen⁴
1987 2151 2062 2182 1726

590 2197 774 2229 Emmanuel
798 2197 837 2229 de
860 2198 889 2229 Τ
891 2197 1077 2241 orquemada
1102 2198 1242 2240 Beryten.
1271 2199 1348 2229 1690

589 2244 796 2276 Bernardinus
820 2257 837 2276 a
862 2245 891 2276 S.
918 2245 1056 2276 Antonio
1080 2245 1212 2286 Targen.
1243 2246 1319 2277 1674
1343 2264 1352 2267 -
1378 2246 1562 2277 Dominicus
1585 2245 1691 2276 Barata
1715 2245 1850 2287 Mysien.
1878 2246 1955 2277 1700
1977 2264 1986 2267 -
2010 2245 2159 2282 (Didacus
2183 2245 2220 2276 ab
2243 2245 2374 2277 Annun-

693 2294 818 2323 tiatione
840 2291 914 2323 olim
936 2292 1068 2335 archiep.
1093 2292 1323 2333 Cranganoren.
1352 2293 1440 2329 1713)
1463 2311 1473 2314 -
1494 2292 1641 2335 Iosephus
1665 2292 1797 2324 Fonseca
1821 2292 1959 2323 Pataren.
1988 2293 2063 2323 1714

589 2338 773 2370 Emmanuel
798 2351 814 2370 a
840 2339 868 2370 S.
897 2338 1052 2371 Ludovico
1078 2339 1253 2370 Milevitcm.
1283 2340 1360 2371 1672
1383 2358 1392 2361 -
1418 2339 1617 2382 Hyacinthus
1641 2339 1679 2371 de
1705 2339 1860 2371 Saldanha
1883 2339 2058 2370 Milevitan.
2088 2339 2162 2371 1675

590 2385 720 2417 Ioannes
746 2385 910 2429 Riquelme
939 2386 1062 2417 Uticen.
1093 2386 1169 2417 1668
1195 2406 1204 2409 -
1229 2386 1384 2418 Melchior
1409 2386 1448 2418 de
1475 2385 1594 2418 Escuda
1623 2386 1746 2417 Uticen.
1777 2387 1850 2418 1671
1878 2405 1888 2408 -
1913 2387 2090 2418 Franciscus
2115 2387 2271 2418 Domonte
2297 2386 2374 2428 Hip-

691 2444 804 2475 ponen.
836 2434 912 2464 1680
938 2452 946 2455 -
972 2434 1079 2465 Petrus
1106 2433 1283 2466 Franciscus
1310 2434 1446 2465 Levanto
1474 2432 1747 2464 Lacedaemoniam.
1778 2434 1853 2465 1703
1879 2452 1888 2455 -
1914 2434 2061 2476 Iosephus
2085 2433 2123 2465 de
2149 2433 2293 2476 Esquivel
2319 2434 2373 2475 Ly-

691 2477 841 2520 copolien.
871 2479 946 2509 1717

589 2524 758 2567 Dionysius
783 2525 897 2556 Resino
920 2524 1133 2567 Adramytten.
1163 2526 1237 2557 1705

589 2571 706 2604 Blasius
728 2572 766 2604 de
788 2572 951 2616 Aguinaga
975 2573 1100 2603 Darien.
1128 2573 1204 2604 1669
1227 2591 1236 2595 -
1260 2572 1410 2605 Nicolaus
1432 2573 1471 2605 de
1493 2572 1586 2605 Ulloa
1607 2573 1732 2604 Darien.
1758 2573 1834 2604 1677
1854 2591 1863 2594 —
1883 2572 2060 2604 Franciscus
2080 2572 2224 2604 Cisneros
2244 2584 2262 2614 y
2283 2572 2373 2603 Men-

691 2618 766 2650 doza
788 2619 988 2660 Margariten.
1017 2621 1093 2651 1702
1115 2638 1125 2642 -
1146 2620 1254 2652 Petrus
1277 2620 1421 2652 Morcillo
1444 2620 1548 2652 Rubio
1570 2620 1609 2652 de
1631 2620 1747 2652 Aur-1611
1772 2620 1899 2650 Drasen.
1928 2621 2003 2651 1724

588 2667 735 2699 Ginesius
757 2666 796 2698 (16
819 2667 990 2698 Barrientos
1013 2667 1179 2698 Troianen.
1207 2668 1284 2698 1680

589 2714 719 2746 Ioannes
744 2714 854 2746 Duran
879 2714 1092 2757 Zenopolitan.
1121 2715 1198 2746 1680

588 2761 793 2805 Ildephonsus
816 2762 927 2794 Garcia
949 2762 988 2794 de
1011 2762 1128 2795 Losada
1151 2763 1365 2794 Constantien.
1394 2763 1470 2794 1672

589 2809 736 2852 Iosephus
759 2809 937 2842 Franciscus
960 2809 1150 2854 Magdaleno
1173 2810 1282 2841 Teien.
1311 2811 1387 2841 1728

587 2857 782 2900 Augustinus
802 2857 841 2889 de
864 2857 1002 2889 Serralde
1024 2858 1142 2889 Citren.
1170 2858 1246 2889 1676

589 2905 799 2948 Hieronymus
822 2905 861 2936 de
886 2904 1021 2936 Solivera
1045 2904 1275 2947 Tranapolitan.
1305 2905 1382 2936 1672
1405 2923 1414 2926 -
1438 2903 1586 2947 Iosephus
1608 2904 1698 2935 Mora
1719 2902 1757 2934 de
1778 2903 1928 2933 Maronea
1954 2903 2027 2933 1683

588 2951 766 2984 Franciscus
791 2952 906 2996 Zapata
929 2952 1009 2984 Vera
1035 2965 1053 2995 y
1078 2952 1213 2984 Morales
1239 2952 1364 2984 Darien.
1394 2952 1471 2983 1680
1498 2969 1508 2973 ·
1535 2950 1714 2994 Alphonsus
1741 2950 1780 2982 de
1809 2950 1902 2982 Santa
1929 2950 2012 2981 Cruz
2041 2948 2226 2980 Methonen.
2260 2949 2334 2979 1683
2364 2967 2373 2970 -

689 2999 874 3032 Benedictus
900 2999 1064 3032 Maduefio
1090 3012 1109 3043 y
1136 3000 1247 3032 Ramos
1274 3000 1423 3031 Sionnen.
1455 2999 1531 3030 1698
1556 3017 1565 3020 —
1589 2998 1776 3030 Athanasius
1800 2997 1839 3029 de
1863 2997 2014 3039 Esterripa
2038 2995 2232 3038 Lycopolien.
2263 2996 2337 3027 1703
2363 3014 2372 3017 -

691 3047 860 3090 Dionysius
885 3047 924 3079 de
949 3047 1089 3079 Mellado
1114 3047 1153 3079 de
1178 3046 1311 3090 Eguiluz
1336 3047 1444 3078 Laren.
1477 3045 1552 3077 1716
